3034 4900
251 392 296 458 86
697 399 905 454 66666616.

253 551 495 640 prolixitatem,
518 556 551 615 et
579 549 852 616 observationum
881 545 1066 610 exilitatem
1091 545 1270 612 lectoribus
1290 549 1352 613 vix

251 655 423 722 ferendus.
466 653 575 718 Aliter
595 652 637 716 de
663 651 806 715 Erasmo
829 647 1021 724 dicendum,
1049 650 1119 730 qui,
1141 650 1298 732 quamvis
1314 653 1352 715 in

253 759 386 822 dnobus
400 761 525 822 tantum
547 755 725 840 postremis
746 751 934 817 Cathemer.
958 750 1105 834 Hymnis
1118 751 1353 832 elaboraverit,

251 863 331 942 quia
355 864 365 892 ‘
381 854 518 932 tamen,'
540 857 647 938 inquit
660 853 918 930 chamillardns,
942 860 952 889 ‘
968 854 1019 917 vir
1033 853 1111 932 fnit,
1124 855 1155 917 si
1169 855 1247 937 quis
1261 855 1352 920 alius

251 981 314 1026 sna
335 965 545 1042 tempestate,
561 959 654 1022 acuti
677 963 711 1022 et
730 957 838 1021 limati
848 956 982 1041 judicii,
998 975 1111 1041 operae
1125 958 1271 1041 pretium
1284 977 1352 1022 non

250 1063 482 1148 poenitendum
507 1060 598 1138 fecit,
622 1080 664 1125 66
687 1060 886 1124 documento
908 1077 984 1123 esse
1008 1065 1136 1144 potest,
1158 1079 1259 1142 qnam
1282 1079 1351 1125 non

249 1165 453 1230 Prudentius
474 1164 518 1227 ab
544 1161 683 1226 eruditis
706 1159 920 1244 negligendus
945 1160 1010 1226 sit'
1053 1160 1144 1225 Illud
1166 1165 1276 1225 tamen
1299 1163 1352 1225 in-

250 1265 417 1332 commodi
433 1265 507 1348 ejns
523 1263 637 1328 Notas
651 1264 776 1328 hahere
787 1262 1000 1346 deprehendi,
1010 1262 1103 1347 qnod
1115 1262 1222 1327 minus
1235 1271 1361 1341 recta,

249 1376 309 1433 aut
327 1368 428 1433 etiam
445 1367 641 1450 depravatae
656 1366 794 1430 lectioni
805 1385 872 1430 non
887 1366 990 1429 semel
1005 1365 1197 1428 innitantur.
1235 1364 1349 1431 Unam

248 1475 373 1536 lantum
386 1468 488 1534 Joan.
513 1466 641 1534 Albert.
666 1466 843 1532 Fabricius
862 1465 952 1530 Bibl.
977 1467 1050 1531 Lat
1073 1473 1097 1533 t.
1124 1485 1167 1531 rr.
1186 1475 1351 1532 memorat

247 1571 525 1654 Antverpiensem
546 1570 719 1635 Prudentii
738 1569 939 1648 Editionem,
962 1589 1040 1634 cnm
1063 1569 1149 1634 AElii
1171 1567 1253 1634 Ant
1278 1570 1350 1634 Ne·

248 1672 921 1752 66666661606666666166116,6186661116
944 1672 1097 1738 Sichardi
1118 1692 1174 1737 an.
1196 1674 1295 1738 1546.
1312 1674 1348 1738 8.

248 1777 341 1861 6666
362 1776 463 1840 Joan.
488 1775 680 1839 Steelsiam.
724 1773 791 1838 Sed
815 1773 889 1839 dure
911 1775 1050 1857 insuper
1071 1774 1234 1839 addendas
1258 1783 1348 1840 sunt.

250 1879 369 1942 Altera
382 1875 474 1959 apud
491 1876 675 1940 Martiarum
695 1875 875 1952 Caesarem,
899 1895 953 1940 an.
975 1877 1071 1941 1566.
1086 1877 1119 1943 8.
1144 1896 1222 1960 qnae
1241 1877 1297 1942 hic
1313 1874 1349 1940 16

248 1977 460 2042 Bibliotheca
475 1975 615 2058 Collegii
632 1975 778 2040 Romani
804 1985 1008 2057 asservatum
1030 1978 1135 2043 altera
1157 1981 1348 2044 66611546.

247 2099 349 2165 quem
363 2079 546 2144 6161161666
560 2085 703 2143 testatus
728 2086 781 2143 est
793 2079 911 2143 Belius
930 2080 963 2143 in
978 2079 1099 2146 lexic.
1144 2079 1349 2164 Quanquam

247 2189 357 2246 autem
381 2180 627 2260 Nebrissensis,
653 2179 695 2244 de
721 2199 791 2264 qno
819 2181 949 2245 161666
975 2181 1102 2246 erudite
1126 2181 1241 2248 Nicol.
1264 2181 1347 2248 Ant.

246 2280 336 2346 Bibl.
353 2282 452 2364 Hisp.
467 2281 502 2345 N
504 2300 559 2345 ov.
571 2289 594 2346 1.
608 2297 633 2345 ι.
648 2281 754 2365 5104.
770 2281 842 2345 suis
856 2281 892 2343 in
906 2280 1128 2346 Prudentinm
1143 2282 1247 2347 Notis
1262 2285 1349 2350 nihil

247 2383 341 2448 alind
371 2401 407 2446 se
429 2382 612 2448 intendisse
639 2381 732 2446 dicat
761 2382 804 2446 ad
827 2381 955 2465 Hymn.
980 2381 1168 2468 Peristeph.
1190 2401 1243 2448 vs.
1269 2387 1348 2454 186.

247 2505 349 2569 qnam
365 2490 402 2549 61
417 2484 544 2549 aditum
559 2484 723 2569 quendam
735 2484 979 2550 *Grammaticis
993 2488 1144 2570 aperiret,
1159 2506 1220 2551 666
1233 2495 1347 2555 tamen

247 2586 430 2652 eruditione
445 2604 509 2650 non
525 2593 775 2670 recenterque
795 2587 841 2651 ad
863 2589 1110 2671 assequendum
1124 2587 1245 2654 Poetae
1267 2610 1347 2654 sen·

246 2708 321 2755 sum
335 2687 467 2754 idoneae
484 2688 518 2751 in
533 2688 650 2771 primis
665 2695 766 2768 sunt;
796 2694 836 2753 nt
857 2688 974 2773 alique
994 2696 1133 2768 tantum,
1146 2710 1214 2755 non
1232 2694 1348 2757 omnia

245 2812 266 2855 6
281 2790 519 2856 Prudentianis
535 2790 709 2875 Operibus
720 2809 801 2855 enm
815 2791 965 2874 attigisse
978 2790 1160 2855 dolendam
1171 2792 1229 2857 sit.
1261 2791 1347 2858 Vie-

245 2900 297 2959 tor
319 2891 495 2958 Giselinus
520 2892 665 2957 Flander
688 2892 949 2958 San-fordianns
971 2893 1087 2957 decem
1112 2901 1232 2959 666166
1261 2892 1346 2960 Prn-

244 2995 350 3061 dentii
364 2993 520 3073 Codices,
534 3014 657 3060 novam
674 2994 864 3060 Editionem
877 2995 1022 3059 6666666
1033 3001 1096 3072 661,
1105 2995 1248 3079 acprelo
1263 2998 1346 3063 sub-

241 3097 328 3181 jecit
359 3096 500 3163 Parisiis
525 3098 616 3181 apud
641 3096 835 3183 Hieronym.
862 3095 1072 3162 Mamellinm
1103 3116 1161 3163 an.
1190 3099 1288 3165 1⁶62.
1311 3102 1346 3166 8.

244 3198 313 3261 Sed
328 3216 406 3261 curn
418 3199 509 3262 male
535 3199 621 3263 adeo
645 3199 814 3264 cessisset
830 3198 948 3277 editio,
968 3206 1007 3264 61
1024 3198 1185 3265 referente
1200 3200 1346 3267 Heinsio

244 3298 279 3363 in
295 3296 396 3361 Prref.
411 3299 544 3364 mendis
557 3300 741 3365 admodum
758 3300 880 3384 spissis
903 3300 1127 3366 foedissimom
1149 3303 1185 3365 in
1208 3304 1346 3368 modurn

246 3406 403 3478 scateret,
428 3400 607 3466 Theodoro
631 3400 820 3467 Pulmanno
844 3400 1140 3485 Crannenbnrgico
1162 3404 1198 3468 in
1212 3413 1346 3488 partem

242 3499 368 3566 laboris
382 3502 503 3580 ascito,
516 3503 621 3567 aliam
639 3522 821 3585 eggressus
846 3510 906 3581 661,
927 3522 1029 3588 qnam
1044 3504 1268 3571 Plautinianis
1293 3515 1346 3591 tys

243 3602 298 3685 pis
313 3602 443 3689 publici
453 3603 540 3688 juris
561 3603 643 3668 iecit
663 3603 859 3688 Antverpise
881 3624 938 3669 an.
964 3606 1060 3670 1661.
1083 3607 1116 3672 8.
1139 3626 1216 3673 cnm
1230 3607 1346 3688 Notis,

241 3703 424 3789 subjuncto
450 3703 494 3769 ad
520 3704 651 3770 calcem
675 3705 855 3770 voluminis
885 3704 1017 3771 Fnasmi
1045 3707 1083 3771 in
1108 3708 1235 3793 Hymn.
1258 3708 1345 3777 duos

245 3803 504 3871 Commentario.
549 3804 639 3885 Quae
648 3824 727 3870 sane
742 3806 859 3885 editio,
871 3804 984 3892 inquit
995 3807 1085 3873 idem
1099 3808 1267 3877 Heinsius
1280 3814 1344 3877 166.

243 3906 471 3989 cit‘reliquis
480 3907 803 3973 omnihusinlncem
814 3911 929 3977 solerti
940 3913 1229 3997 typographorum
1239 3933 1345 3998 opera

242 4006 404 4073 hactenus
425 4010 569 4089 emissis,
591 4008 693 4075 facile
713 4018 867 4094 praestat,
891 4030 932 4076 66
957 4021 1055 4078 extra
1080 4015 1344 4079 controversiam

243 4110 321 4174 61116
336 4116 391 4175 661
405 4112 660 4197 anteponenda?
703 4112 808 4194 Quod
823 4113 866 4177 de
879 4113 935 4191 iis,
956 4134 1034 4197 qnae
1047 4115 1227 4181 lectionem
1240 4122 1343 4199 atque

245 4211 516 4297 orthographiam
536 4222 705 4297 spectant,
732 4216 858 4282 dictum
881 4215 1038 4301 intellige.
1084 4216 1174 4283 Nam
1190 4219 1225 4282 in
1241 4217 1345 4286 Notis
