3034 4900
633 415 797 464 auncurt
822 416 1033 467 PRUDBN'l'll

537 558 622 642 Ipsa
636 564 670 624 et
683 559 829 625 Senatus
842 561 981 639 lumina,
1043 646 1047 652 Ι

494 658 675 738 Quondam
690 663 834 744 Luperci
848 666 907 726 aut
922 662 1101 743 Flamincs,

493 758 735 846 Apostolorum
750 771 785 829 et
800 763 986 848 Martyrum

497 861 746 930 Exosculantur
760 865 888 929 limina.

538 961 705 1030 Videmus
718 966 867 1031 illustres
883 966 1011 1046 domos,

498 1067 588 1133 Sexu
603 1087 649 1132 ox
664 1076 805 1151 utroque
824 1069 953 1134 nobiles

495 1167 623 1234 Offerre
638 1170 726 1236 votis
742 1171 883 1256 pignora
975 1157 982 1167 ’Χ

497 1269 769 1336 Clarissimorum
784 1271 940 1335 liberum.

541 1371 694 1440 Vittatns
710 1373 792 1439 olim
808 1372 966 1440 Pontifex

495 1472 638 1540 Accitur
652 1476 685 1539 in
699 1475 833 1557 signnm
847 1474 969 1560 Crucis
981 1495 992 1557 ;

495 1575 695 1661 AEdemque,
712 1577 930 1657 Laurentini,
944 1586 1035 1643 tuem

493 1675 645 1744 Vestalis
659 1680 760 1744 intrat
774 1679 929 1745 Claudia.

271 1877 356 1940 ipsis
371 1882 456 1928 cosma
468 1877 596 1928 clarissimi
612 1879 669 1940 ciri,
687 1878 735 1941 ipsi
745 1878 859 1942 Luperci,
870 1881 1033 1946 Flaminaque
1043 1884 1130 1933 crient
1140 1884 1379 1948 adipottolentstet

280 1943 417 2007 Martyrum
442 1944 555 2006 sepulcra.
597 1943 708 1993 Videmus
728 1949 817 1994 ceterae
831 1943 948 2008 jupiliae,
966 1953 1063 2010 patrm
1091 1953 1236 2012 mumque
1260 1948 1378 2010 negeina

205 2023 207 2030 ’
279 2007 376 2066 nobiles,
389 2021 442 2056 suas
458 2008 563 2057 illustres
573 2007 667 2070 liberos,
678 2008 719 2071 qia
733 2012 789 2057 east
802 2015 927 2072 parentets
936 2011 1046 2075 pigriora,
1055 2013 1107 2062 Des
1118 2027 1207 2062 ocem.
1244 2013 1293 2069 Qu·
1303 2025 1377 2074 saper

278 2071 379 2122 edictas
389 2077 440 2122 erat
450 2073 576 2136 Pontifex,
593 2071 650 2122 isis
659 2072 789 2122 &ruam
798 2073 939 2136 meridiam·
952 2082 1072 2141 tusaque,
1089 2094 1104 2128 o
1119 2073 1245 2141 mettii,
1265 2077 1378 2142 tenplum

778 2243 886 2297 NO'l'AE

278 2373 377 2438 perculi
397 2387 471 2424 sacra
491 2373 624 2426 iaciebant
642 2377 669 2426 in
685 2375 809 2427 bonorem
848 2375 913 2427 illud
923 2391 1016 2428 nomen
1027 2382 1192 2442 acceperam.
1224 2374 1278 2427 Qui
1291 2374 1378 2424 blaxi-

278 2449 375 2501 l’auos.
417 2450 573 2516 Lupercalia
596 2452 694 2503 flebant
720 2466 809 2502 mense
849 2468 904 2503 mus
915 2454 1060 2518 dicebatur,
1070 2454 1164 2505 ceteris
1180 2466 1279 2502 summa
1289 2457 1380 2501 aucto·

279 2526 429 2579 Februario.
803 2518 805 2526 ’
848 2530 1061 2595 ritateprseerat,
1078 2543 1128 2580 nec
1144 2527 1195 2578 nisi
1212 2528 1238 2577 in
1258 2526 1377 2580 maximis

309 2602 441 2667 flamina]
456 2602 623 2667 Sacerdotes,
640 2603 678 2655 sic
692 2602 758 2654 dicti
773 2619 808 2655 ex
848 2604 934 2667 rebus,
957 2621 1016 2671 quas
1041 2606 1191 2670 religionem
1210 2602 1377 2667 spectabant,

279 2680 422 2741 gestatione
442 2681 578 2744 pileorum,
597 2682 670 2747 qussi
689 2682 808 2746 pilesml·
849 2683 1009 2732 sumebatur.
1042 2681 1185 2732 Pontifices
1206 2676 1311 2727 maximi
1331 2675 1378 2727 ilo-

277 2768 343 2817 nes;
361 2756 444 2805 veleb
456 2756 808 2821 infulis‚qussflsmmesvo·
848 2765 957 2809 ruerunt
975 2758 1009 2808 sd
1027 2764 1144 2822 tempure
1162 2756 1193 2806 C.
1207 2754 1272 2806 sulit
1290 2753 1376 2804 Cress-

277 2830 503 2879 cabantRomeni.
537 2832 620 2882 Nudis
640 2832 744 2897 penitus
763 2846 808 2882 eos
848 2834 894 2896 ris,
912 2842 1058 2901 postquem
1069 2832 1292 2903 reliquicaetetct
1308 2830 1376 2882 benc

278 2907 407 2970 capitibus
417 2908 538 2958 incedere
550 2906 623 2958 netas
634 2915 698 2959 erat.
721 2909 808 2959 Varro
848 2909 1000 2973 (lignitatem
1015 2921 1184 2972 usurpavere.

278 2997 295 3032 e
314 2984 398 3033 Numa
419 2983 550 3049 Pompilio
572 2984 707 3035 institutos
726 2981 808 3034 inisse
879 2989 928 3035 tib
947 2985 1050 3036 Vestalis
1062 2982 1175 3047 caedis]
1187 2983 1328 3045 Perqnem
1336 2982 1375 3031 iu·

278 3056 399 3109 affirmat.
847 3061 943 3125 telligit
957 3060 1099 3127 quamlibet
1114 3059 1240 3123 virginem
1257 3056 1376 3108 secerdo-

309 3126 357 3184 ‘tio
373 3136 550 3185 &acuamur
560 3134 655 3199 limita]
673 3133 808 3185 sassures
847 3144 901 3189 tem
911 3154 944 3188 ex
961 3138 1069 3201 collegio
1086 3137 1185 3186 Veste.
1218 3135 1269 3184 lile
1286 3142 1373 3185 sutem

276 3210 409 3261 basilicam
432 3222 493 3262 ante
509 3213 568 3277 ejus
585 3214 729 3276 ingressum
745 3212 807 3262 olim
846 3214 1073 3277 ctsuutsoutats,
1084 3212 1373 3276 nobiliexgencreorte

277 3285 310 3337 sd
325 3286 413 3336 limina
434 3287 639 3351 procumbebant
656 3288 806 3350 christiani,
847 3298 926 3357 atque
937 3303 970 3340 ex
981 3288 1090 3341 Claudia
1100 3285 1373 3355 eutiqaefsmilielto·

276 3368 364 3429 postes
373 3363 602 3428 deosculabantur,
610 3380 641 3414 se
650 3363 807 3429 precest'nn·
846 3363 1373 3428 msuacamaeesssrcrurpaliutacssri·

270 3439 381 3489 debent.
415 3438 493 3489 Unde
504 3440 663 3490 Fortunatus
681 3441 714 3490 de
732 3440 806 3491 Besi-
847 3443 1039 3507 tetis‚pargens
1053 3441 1226 3498 innocentiam
1240 3438 1373 3489 suentela·

276 3514 328 3566 lice
349 3514 516 3564 Ravennates
533 3516 651 3565 ‘llursus
673 3514 806 3580 Apolline·
846 3514 1373 3583 gulotraaitusrem,qussnequeveloce·

276 3592 311 3641 ris
324 3590 435 3655 preciosi
445 3590 533 3641 limina
547 3592 633 3641 lumbe
644 3590 717 3641 fusus
736 3593 806 3642 humi
845 3607 895 3659 que
905 3594 982 3644 remit
988 3594 1133 3658 promoveri
1145 3599 1260 3658 poterat.
1284 3590 1371 3640 Livias

275 3670 404 3734 supplex!
436 3668 562 3736 Idemque
579 3669 612 3719 de
629 3670 657 3719 S.
670 3669 806 3731 Radegun·
845 3666 1373 3721 tx.t.1)ecad.0rid.lib.1v.Fsst.‘css-

277 3743 309 3793 de
327 3744 428 3809 Regina
438 3745 465 3794 id
471 3753 561 3795 namet
572 3761 581 3806 ;
598 3744 703 3795 esenlm
715 3744 805 3794 adiens
840 3753 874 3795 ts
883 3760 978 3810 negor:
987 3747 1010 3796 sl
1021 3752 1049 3796 tn
1060 3744 1303 3810 damnet,meruisse
1311 3742 1373 3793 iste·

276 3822 302 3870 S.
314 3820 422 3871 Martini
436 3822 582 3882 Basilicam,
601 3834 649 3887 per
662 3820 764 3883 singule
777 3835 805 3871 se
845 3823 901 3874 bor.
916 3824 1006 3874 Morte
1016 3824 1084 3874 inem
1096 3836 1186 3887 poenss
1198 3820 1290 3884 judice
1304 3819 1372 3870 victe

275 3900 417 3958 prostravit
432 3898 530 3949 limine.
562 3896 631 3949 Vide
646 3898 722 3963 plura
732 3897 803 3963 apud
842 3901 909 3951 Dea.
927 3900 989 3963 Sed,
1000 3900 1022 3949 si
1037 3897 1228 3952 crimeasbest,
1238 3902 1370 3946 tumetra

276 3972 373 4023 Boron.
843 3974 1017 4039 pignoravit:
1025 3970 1370 4021 Redabiszetceetsteasts

307 4052 354 4097 ⁶25
381 4050 487 4102 Vitiatur
510 4050 638 4114 Posides]
660 4049 804 4102 Pontifices
843 4064 954 4115 sequere
976 4062 1075 4099 manns.
1107 4044 1199 4094 Dixit:
1227 4051 1256 4093 et
1277 4046 1368 4111 exiguo

275 4122 356 4172 tutius
379 4128 510 4190 religionis
530 4128 599 4195 apud
620 4128 761 4190 Romanas,
776 4132 804 4177 et
842 4124 930 4175 funem
949 4123 1081 4175 masmine
1100 4119 1191 4170 traxit.
1224 4118 1303 4186 birra,
1324 4122 1367 4173 sed

277 4212 363 4249 rerum
371 4199 515 4252 divinarum
524 4204 615 4253 arbitri
624 4202 803 4269 iuere‚qnere,
836 4206 873 4250 -et
895 4212 974 4249 scene
998 4192 1141 4247 testificata
1163 4194 1264 4261 loquer.
1296 4196 1369 4248 biota

276 4274 342 4341 qnod
355 4282 462 4341 possent
473 4274 570 4339 iecere,
580 4278 597 4326 i.
608 4291 634 4328 e.
646 4276 803 4340 sacrificare,
842 4276 899 4325 Des
910 4279 966 4334 ειη
980 4272 1260 4337 sequiturquedrtccm,
1270 4273 1367 4327 laudet·
