3034 4900
284 400 350 466 tor
632 413 792 464 sussen
818 412 1027 462 rsunuurrr

287 559 326 617 Et
348 557 415 616 hoec
440 554 560 635 quidem
588 553 627 615 de
652 573 741 617 enno.
784 557 830 616 De
854 556 921 616 loco
945 566 1044 615 nutem
1068 573 1120 635 per
1142 556 1216 616 ratio
1237 575 1298 616 non
1319 564 1377 615 est.

286 650 484 725 Quantumsis
497 651 575 710 enim
587 651 730 731 speciose
743 652 803 710 sint
812 653 1005 712 recentiorum
1018 652 1205 729 conjecture,
1219 653 1271 730 qui
1282 653 1378 712 Sanc-

285 761 333 809 tos
355 748 515 828 Apostolos
528 744 661 807 ,diversis
679 747 709 806 in
729 747 803 808 locis
826 747 1046 808 animadversos
1067 747 1158 807 luisse
1177 747 1377 820 contendunt,

285 844 465 925 conjectures
478 853 576 902 umen
597 851 677 916 suut,
698 843 805 921 quibus
826 861 913 904 nemo
933 841 1063 921 prudens
1085 862 1180 902 rerum
1200 843 1376 915 sestimntor,
1444 871 1446 876 ·

284 951 392 1004 testem
410 939 564 1016 antiquum
583 956 666 1010 sene,
686 955 722 998 ec
745 938 914 998 sinceritate
935 949 967 998 et
986 937 1150 998 eruditione
1172 938 1279 1016 ubique
1292 957 1376 998 com·

284 1034 457 1098 mendetum
468 1031 683 1113 preferendum
693 1053 761 1094 esse
771 1035 976 1095 noniatentur.
997 1033 1073 1092 Cum
1083 1035 1182 1112 itaque
1194 1033 1375 1093 Prudentius

285 1131 395 1212 apertis
406 1129 502 1191 serbis
514 1127 596 1188 dicat
607 1147 653 1188 vs.
667 1130 699 1189 9.
719 1128 842 1189 enodem
858 1127 1007 1208 paludem,
1027 1147 1221 1206 quencumque
1243 1126 1295 1186 illu
1308 1128 1376 1188 fne-

285 1228 332 1301 rit,
352 1237 541 1302 ntrorumque
562 1224 772 1302 Apostolorum
793 1225 937 1302 sanguine
959 1223 1099 1282 imbutam
1121 1224 1222 1296 fuisse,
1235 1243 1305 1296 uno,
1319 1243 1375 1290 eo·

285 1320 410 1400 demque
423 1321 490 1378 loco
503 1319 630 1378 Senctos
640 1317 801 1396 Apostolos
812 1316 984 1398 Martyrium
997 1319 1190 1398 complevisse
1204 1320 1233 1377 in
1248 1311 1374 1380 dubium

283 1434 419 1476 revocare
434 1433 492 1473 non
513 1413 677 1473 sudemus:
699 1413 741 1471 uti
756 1431 821 1484 nec,
840 1411 926 1470 certis
947 1411 1149 1471 deficientibus
1164 1417 1373 1488 monumentis,

284 1511 420 1590 quisnam
433 1509 520 1568 luerit
529 1509 612 1567 locus
623 1507 683 1578 ille,
695 1505 827 1565 delinire.
859 1506 933 1565 Rem
943 1514 1035 1565 totam
1045 1518 1180 1566 accurate
1194 1508 1371 1582 discussam,

284 1623 320 1665 ec
329 1623 443 1666 summu
454 1603 618 1664 eruditione
631 1609 851 1680 pertractatam,
861 1599 920 1661 vid.
934 1599 1013 1678 opud
1028 1599 1179 1661 Illustriss.
1194 1603 1287 1666 Prses.
1302 1605 1370 1667 Ste-

279 1699 412 1778 phanum
436 1697 545 1776 Borgic
567 1699 597 1757 in
619 1696 726 1777 Opere,
747 1697 796 1757 cui
818 1696 862 1756 tit.
876 1695 1021 1754 Vnticens
1039 1695 1194 1774 Confessio
1220 1699 1255 1760 B.
1278 1699 1369 1774 Petri,

283 1793 388 1852 Romoe
400 1792 473 1854 edit.
485 1811 534 1853 nn.
550 1793 638 1852 1776.
660 1812 690 1872 p.
705 1793 754 1852 81.
769 1802 877 1870 etseq.
899 1791 975 1859 Quse
997 1791 1085 1850 etiam
1105 1792 1155 1852 hic
1178 1794 1369 1875 adjungenda

282 1889 379 1949 loreut
391 1887 429 1948 de
443 1887 490 1948 die
504 1897 535 1946 et
547 1905 638 1959 nuno,
648 1905 708 1965 quo
718 1888 820 1946 Sancti
831 1887 967 1965 Apostoli
978 1889 1057 1965 pessi
1070 1899 1150 1962 sunt,
1162 1888 1258 1969 deque
1268 1911 1367 1954 eorum

281 1984 450 2055 festivitate,
464 1982 558 2054 cultu,
570 1980 713 2054 basilicis,
727 1981 869 2062 reliquiis,
883 2001 919 2040 nc
933 1980 1016 2054 locis,
1036 1992 1068 2042 et
1080 1985 1167 2043 rebus
1182 1987 1316 2047 omnibns
1330 1970 1368 2048 ob

281 2079 442 2142 eorundem
469 2078 637 2138 memoriam
667 2078 840 2151 nobilitatis,
867 2099 935 2139 cum
958 2097 1019 2136 non
1044 2079 1103 2137 sint
1125 2080 1281 2158 ejusmodi,
1301 2101 1366 2160 qum

280 2176 383 2257 paucis
405 2174 563 2256 perstringi
583 2173 708 2254 possint,
731 2175 913 2237 omittimus:
940 2173 1103 2256 presertim
1120 2195 1188 2234 cum
1213 2176 1368 2253 Bnrouins,

281 2270 467 2348 Arriughius,
494 2268 706 2342 Tillemontius‚
732 2269 894 2342 Bottnrius,
923 2267 1094 2348 Fogginius,
1121 2270 1294 2352 Dionysius,
1314 2275 1367 2336 viri

279 2384 382 2426 omnes
398 2363 567 2426 doctissimi
586 2375 676 2443 atque
688 2366 885 2438 emditissimi,
906 2365 945 2427 de
958 2365 994 2426 iis
1007 2375 1069 2425 tum
1083 2365 1176 2428 multa
1188 2370 1367 2450 scripserint,

279 2474 313 2523 ut
326 2462 429 2523 ceteris
442 2461 535 2522 otium
548 2460 668 2523 inciam.

279 2826 351 2879 111.
383 2830 510 2881 msto
528 2833 733 2883 suuuottttu
748 2832 1025 2885 Arossotonuts
1043 2837 1155 2887 l'li'l'Rl
1174 2839 1219 2887 lt't'
1236 2840 1365 2893 ruunt.

276 2942 372 2993 Peneis
381 2944 533 2995 Sanctorum
545 2945 727 3010 Apostolorum
737 2948 889 3011 martyrium
905 2956 1003 3013 narret,
1014 2958 1068 3001 tum
1086 2954 1151 3017 locs,
1165 2953 1258 3019 quibus
1275 2968 1364 3005 eorum

307 3023 423 3087 reliquie
435 3034 607 3089 mercentur,
615 3027 713 3077 indicet
722 3040 753 3076 se
765 3026 899 3090 describit,
910 3044 1049 3096 eorumque
1059 3032 1127 3085 dlsm
1137 3032 1231 3084 festum
1244 3032 1364 3100 frequen·

307 3102 408 3154 tlsslnso
419 3105 555 3170 populoso
566 3106 772 3170 splendidlssimo
788 3110 862 3158 cultu
873 3107 952 3163 fuisse
969 3112 1129 3163 celebratum
1141 3120 1265 3179 testetur,
1275 3114 1302 3163 ln
1313 3128 1363 3181 qno

306 3183 448 3235 menum
458 3184 611 3237 Pontificem
622 3200 696 3237 ssers
705 3193 765 3237 sote
776 3186 910 3250 duplicare
921 3190 1090 3242 consuevisse.

275 3292 379 3360 Pnus
394 3296 494 3362 solito
509 3298 630 3363 coeunt
643 3300 686 3364 ud
701 3300 841 3382 gaudie:
864 3300 931 3380 dio,
946 3304 1063 3382 emico,
1078 3306 1159 3388 quid
1172 3308 1225 3373 sit.

318 3394 462 3461 Romam
477 3415 536 3478 per
550 3417 683 3466 omnem
697 3400 865 3481 cursitant,
880 3411 1057 3486 orentque.

307 3542 457 3596 utem
471 3546 845 3610 nicomedensis
861 3550 1044 3601 miurus
1059 3552 1186 3605 tatum
1206 3552 1361 3605 unumst

308 3754 321 3801 1
339 3751 439 3814 quiduis
450 3751 482 3801 tt
490 3766 516 3816 p.
526 3766 580 3803 ne.
597 3752 688 3806 Heius.
699 3769 733 3806 ex
743 3757 858 3821 conj.-t
873 3758 962 3809 loliis·
977 3759 1068 3811 Weits.
1085 3762 1126 3827 psl
1138 3762 1362 3827 susannense

759 3868 870 3919 Now

305 3960 318 4003 1
338 3956 427 4008 Cotem
443 3960 475 4008 ed
493 3958 593 4023 mutim]
615 3962 701 4026 Longe
722 3970 796 4014 ente·
835 3971 907 4028 strnt,
917 3966 975 4017 locs
984 3969 1159 4032 sepulcrorum
1174 3984 1267 4033 meges
1283 3985 1360 4023 serte-

271 4042 348 4091 qosm
368 4031 552 4096 Apostolorum
571 4036 691 4089 Besilicse
710 4040 795 4103 erige·
835 4040 1116 4094 retionesunthelsits.
1150 4044 1226 4097 Unde
1243 4047 1276 4097 ed
1294 4047 1359 4097 hene

269 4110 370 4165 rentur,
380 4118 412 4154 eo
423 4107 481 4169 ipso
493 4115 680 4177 tempere„quo
698 4114 794 4165 Petrus
834 4114 901 4167 diem
912 4120 1042 4170 solennem
1059 4136 1090 4173 es
1108 4123 1216 4173 diuersis
1233 4125 1303 4175 orbis
1320 4140 1360 4176 re·

268 4182 298 4231 et
316 4176 411 4229 Psnlns
424 4181 536 4245 glorloso
545 4186 668 4251 mertyrio
679 4188 792 4241 coroneti
832 4192 950 4257 sionibus
960 4192 1288 4253 innumessbllislrominurn
1297 4202 1360 4255 mul·
