3034 4900
259 379 301 444 lt
698 391 906 447 russerie.

345 537 541 604 Innumeros
550 538 683 604 veineres
699 538 896 608 Sanctorum
912 538 1063 607 Romula
1077 540 1112 604 in
1127 541 1205 606 urbe

387 639 558 717 Vidimus,
573 659 595 704 e
611 639 733 710 Christi
747 640 931 708 Valeriane
945 661 1050 708 sacer.
1168 718 1177 732 ,

258 782 291 842 et
306 776 364 842 ins.
379 794 429 844 vs.
444 776 497 841 17.
512 781 547 841 et
560 795 635 858 seq.

346 911 433 976 Haec
447 908 526 974 dum
539 909 647 974 lustro
661 907 781 985 oculis,
795 916 830 973 et
843 908 952 974 sicubi
963 909 1048 974 terte
1062 908 1203 976 latentes

341 1011 468 1078 Rerum
482 1010 598 1095 apices
610 1015 758 1075 veterum
769 1029 830 1096 per
841 1017 1056 1076 monumenta
1070 1030 1206 1098 sequor,

344 1113 487 1180 Invenio
504 1111 682 1200 Hippolyt.
696 1113 757 1176 irc.

259 1248 315 1320 Ex
329 1248 382 1314 his
396 1253 519 1324 antem,
542 1263 619 1329 quae
639 1245 711 1310 snis
731 1242 767 1308 in
790 1245 950 1328 operibus
964 1245 1007 1310 de
1019 1245 1147 1312 Sancto
1162 1242 1353 1328 laurentio,

259 1351 302 1416 dc
316 1350 379 1416 SS.
393 1349 485 1435 App.
501 1349 602 1414 Petro
625 1355 662 1413 et
674 1346 799 1426 Paule,
823 1346 1026 1432 Hippolyte,
1048 1346 1192 1430 Agnete,
1206 1349 1363 1434 aliisque,

114 1536 117 1544 1
258 1453 423 1523 Romanis
437 1451 657 1534 Martyribus,
671 1449 776 1514 saeris
792 1449 1029 1528 Memnoniis,
1042 1449 1214 1530 Basilicis,
1230 1449 1354 1529 Fastis,

257 1553 462 1636 Ilitilrusque
472 1551 604 1637 passim
617 1553 791 1628 memorat,
806 1551 894 1616 satis
904 1550 1097 1635 liquetdum
1109 1551 1231 1618 Romae
1245 1559 1353 1629 esset,

257 1655 386 1738 optime
402 1653 584 1723 Christiani
605 1652 752 1736 lrespitis
768 1650 880 1718 efficia
893 1651 1101 1737 explevisse,
1115 1658 1149 1720 et
1162 1652 1352 1738 Religionis

258 1756 428 1842 mysteriis
442 1762 584 1823 mentem
599 1753 732 1822 aridius
745 1753 954 1820 informasse.

303 1855 448 1936 Quando
471 1855 550 1922 inde
571 1855 776 1933 discesserit,
803 1854 970 1922 incertum
995 1857 1131 1922 omnine
1157 1863 1222 1925 est
1264 1856 1353 1923 Gom

200 2025 204 2034 ,
257 1957 461 2027 Prudentius
475 1958 511 2022 iu
532 1958 614 2024 urbe
636 1955 877 2039 Imperatorem
897 1976 937 2024 se
955 1957 1135 2024 offendisse
1158 1959 1352 2037 dicat,‘lrinc

194 2112 205 2128 .
258 2063 302 2132 cl.
313 2059 549 2129 Tiuamenuus
562 2078 641 2126 eum
655 2057 801 2126 Romam
822 2060 1027 2127 adventasse
1041 2060 1185 2133 credidit
1203 2081 1257 2128 an
1277 2062 1354 2127 407.

259 2181 360 2247 quere
374 2161 548 2230 Honorius
563 2161 599 2230 in
612 2161 694 2228 urbe
704 2168 815 2230 tetum
828 2164 1007 2244 transegit3
1029 2162 1117 2228 unde
1132 2160 1208 2246 eJes
1222 2171 1354 2231 seems·

258 2265 307 2330 tie
326 2265 459 2328 nonnisi
480 2283 535 2330 au·
556 2265 631 2330 ⁴08.
652 2263 772 2330 Poetae
794 2265 829 2329 in
850 2264 994 2348 patriam
1009 2265 1140 2330 reditus
1159 2265 1354 2348 contingere

258 2363 382 2448 potnit.
426 2364 493 2428 Sed
515 2383 591 2432 eum
614 2383 689 2430 mes
713 2373 805 2430 esset
818 2364 981 2445 Honorio,
997 2364 1167 2432 Ravennae
1189 2372 1229 2432 ut
1248 2365 1354 2450 pluri·

258 2485 350 2535 ruum
364 2467 596 2545 commoranti,
611 2464 756 2531 Romam
770 2467 948 2534 idmtidem
968 2468 1120 2548 mulsere,
1144 2488 1212 2535 nee
1226 2477 1281 2541 est
1293 2488 1355 2535 cnr

257 2566 310 2638 itti
324 2566 436 2651 petius
451 2586 550 2645 anne,
564 2587 665 2651 quam
680 2567 776 2633 elteri
790 2567 909 2635 Peitae
931 2568 1039 2635 nostri
1061 2557 1226 2635 adventus
1251 2571 1353 2637 aseri-

257 2668 371 2741 batur.
428 2667 596 2735 Praeterea
625 2686 702 2735 cum
730 2668 906 2753 pleresque
935 2670 1136 2738 Sanctorum
1166 2670 1354 2757 Martyrum

259 2769 430 2855 Hymos,
451 2775 631 2854 postquam
650 2770 683 2835 in
705 2772 850 2854 patriam
869 2772 977 2851 rediit,
992 2769 1198 2839 Prudentius
1212 2793 1354 2857 compe·

258 2872 373 2950 suerit,
399 2875 504 2937 etex
523 2870 670 2955 Hymnis
696 2872 759 2939 SS.
787 2872 953 2953 Cassiani,
989 2873 1185 2959 Hippolyti,
1210 2874 1354 2959 Agnetis

259 2978 378 3057 aperte
400 2978 547 3050 constat,
569 2973 600 3039 si
622 2992 709 3038 enne
739 2980 866 3041 tautum
887 2976 965 3043 tes.
993 2983 1030 3043 ut
1057 2977 1131 3043 uult
1157 2976 1354 3046 tillemont.

258 3075 396 3141 demum
409 3092 563 3141 reversus
577 3081 642 3153 est,
664 3076 700 3141 in
722 3079 942 3161 sequentibus
957 3081 1053 3145 annis
1065 3078 1185 3145 iisdem
1203 3080 1354 3164 Hymnis

258 3196 401 3243 vacasse
436 3176 615 3243 dicendum
651 3184 757 3257 esset,
788 3180 880 3262 qued
911 3187 965 3245 est
995 3180 1237 3265 improbabil03
1273 3204 1352 3249 curn

257 3278 345 3343 enim
355 3296 408 3343 au.
422 3278 498 3343 409.
513 3278 735 3345 Barbarerum
755 3281 790 3344 in
812 3279 1001 3363 Hispanias
1014 3282 1153 3365 irruptio
1168 3283 1352 3368 eontigerit,

258 3378 468 3445 auttibernm
481 3378 533 3447 illi
554 3400 619 3445 neu
639 3380 704 3447 t'nit
718 3382 904 3466 pangendis
917 3382 1069 3450 versibus
1082 3383 1272 3467 immorari;
1293 3395 1353 3455 ant

257 3482 331 3567 ejus
355 3480 559 3547 calamitatis
583 3482 709 3549 alicubi
726 3484 943 3564 meminisset,
959 3486 1052 3571 qued
1074 3505 1240 3571 nusquam
1259 3488 1352 3560 feeit.

256 3581 488 3667 Satiusigitur
509 3584 572 3651 erit
592 3604 660 3651 rem
681 3585 717 3650 ie
735 3586 862 3654 incerte
885 3586 1079 3673 relinquere.
1124 3589 1216 3655 Illud
1238 3596 1351 3657 autem

256 3688 331 3752 tute
346 3682 501 3750 affirmari
515 3705 618 3769 pesse
632 3687 776 3765 videtur,
796 3696 977 3775 postquam
1000 3711 1038 3756 se
1060 3711 1105 3757 ex
1127 3694 1209 3757 urbe
1233 3694 1269 3759 in
1290 3712 1351 3777 pa·

255 3785 352 3859 ‚triam
373 3787 528 3867 restitnit,
545 3788 584 3853 ‘si
605 3805 672 3853 neu
693 3790 817 3870 emnia,
840 3791 997 3877 majorem
1016 3812 1096 3860 sane
1120 3813 1257 3861 suerum
1277 3814 1350 3863 car·

254 3888 379 3952 minum
395 3894 524 3973 partem
539 3889 780 3973 composuisse,
791 3911 867 3976 qnae
875 3894 1029 3961 secundis
1039 3895 1128 3962 euris
1141 3895 1235 3961 tecta
1246 3897 1351 3960 casti·

254 3985 395 4069 gratiora,
415 3991 535 4057 iterem
558 3992 749 4075 evulgasse,
764 4000 951 4061 auctorest
967 3996 1130 4063 Heinsius
1143 3997 1179 4062 in
1193 3994 1349 4063 Addend.

254 4107 289 4172 p.
303 4088 376 4154 rte.
388 4089 430 4155 de
444 4094 568 4178 quibus
580 4093 677 4163 intra.
722 4094 824 4164 Circa
836 4102 979 4183 tempus,
1001 4118 1070 4182 qne
1089 4097 1349 4182 unumquodque

254 4188 427 4258 Prudentii
441 4213 525 4278 epus
544 4195 850 4283 lucem'aspcxerit,
865 4200 939 4266 trare
958 4204 1088 4267 tantum
1109 4199 1264 4267 affirmari
1286 4220 1349 4284 pre
