3034 4900
565 412 774 479 rrmrrrroi
1169 409 1214 474 2⁷

123 583 189 642 tam
197 581 353 641 nostrum
368 573 436 640 tale
451 572 576 658 aliquid
591 574 765 658 reperitur.
807 572 867 638 Ait
882 578 968 639 certe
977 570 1004 613 ¹⁶
1028 577 1126 639 nocte
1142 571 1212 636 lle-

124 679 337 742 surrcctionis
359 675 483 741 Christi
507 675 643 741 Domini
657 676 890 740 damnatorum
910 675 1022 759 poenis
1043 674 1210 739 intermis-

122 780 245 843 sionem
264 780 412 862 aliquam
423 778 547 854 datam,
563 778 605 842 de
621 777 743 861 quoad
761 797 836 843 eum
850 779 961 842 locum
975 775 1136 855 dicamus,
1151 774 1211 841 sed

122 879 195 944 inde
208 881 424 964 reproborum
437 878 584 943 omnium
599 897 734 962 poenam
756 884 951 943 evacuatam
965 897 1009 941 ea
1020 881 1116 942 nocte
1128 876 1211 940 fuis-

124 1001 171 1058 se,
184 981 280 1045 nullo
305 980 406 1046 modo
431 981 598 1064 sequitur;
631 999 691 1044 neo
717 988 836 1064 praeter
855 978 1018 1045 Clericum
1032 979 1211 1063 quisquam

124 1083 208 1148 alius
224 1082 417 1147 somniavit.

163 1183 271 1248 Haud
284 1183 413 1248 meliori
426 1183 638 1247 fundamento
661 1183 776 1247 nititur
794 1181 1031 1264 Pelagianismi
1045 1181 1209 1264 suspicio,

124 1286 156 1348 in
168 1305 273 1370 qnam
287 1286 401 1350 Lucas
417 1283 579 1348 Osiander
591 1291 616 1333 ¹⁷
630 1283 774 1349 Poiitam
786 1291 934 1348 nostrum
950 1282 1101 1360 adducit,
1113 1301 1210 1366 quem

124 1387 195 1450 vult
207 1387 316 1451 libero
329 1385 471 1450 hominis
493 1385 628 1450 arbitrio
651 1385 727 1467 plus
750 1403 850 1469 aequo
865 1384 1027 1449 tribuisse.
1072 1383 1160 1448 Sane
1174 1386 1211 1448 in

125 1487 384 1570 Hamartigeniae
395 1487 492 1563 libro,
505 1487 541 1550 in
556 1491 749 1569 quocontra
762 1485 995 1562 Marcionitas,
1006 1505 1072 1550 non
1086 1504 1108 1550 a
1123 1485 1210 1564 Deo,

126 1589 182 1652 sed
198 1589 339 1652 alibero
365 1588 511 1652 hominis
536 1589 672 1653 arbitrio
695 1593 874 1671 peccatum
896 1587 1113 1670 repetendum
1133 1607 1211 1650 esse

125 1691 337 1767 demonstrat,
351 1690 540 1756 duriuscule
555 1690 710 1774 quaedam
719 1690 888 1772 aliquibus
899 1689 1026 1754 inlocis
1037 1707 1212 1753 occurrere

124 1811 187 1855 non
201 1810 363 1874 negamus
377 1811 387 1871 3
417 1792 465 1856 ita
485 1791 571 1855 enim
589 1790 729 1856 liberum
744 1791 809 1855 hoc
824 1787 999 1854 arbitrium
1013 1790 1159 1868 extollit,
1176 1795 1212 1854 ut

124 1899 242 1977 praeter
256 1888 381 1978 ipsum,
396 1893 499 1957 etiam
515 1892 557 1956 ad
578 1894 703 1958 honum
723 1890 938 1975 operandum,
952 1890 1037 1954 nihil
1053 1891 1143 1956 alind
1159 1911 1211 1956 re-

125 1995 253 2077 quirere
280 1993 438 2058 videatur.
482 1990 549 2058 Sed
585 2013 699 2058 omnes
729 1994 872 2058 sanioris
909 1991 1052 2057 Critices
1088 1995 1210 2076 regulae

125 2097 352 2180 praescribunt,
376 2101 412 2161 ut
436 2096 479 2160 ad
499 2097 676 2178 genuinum
702 2096 884 2184 Scriptoris
907 2093 1053 2179 alicujus
1075 2115 1212 2161 sensum

125 2197 383 2283 percipiendum,
397 2198 474 2262 loca
487 2198 766 2264 ohscurioracum
780 2199 976 2267 clarioribus
990 2201 1211 2274 conferantur,

127 2301 214 2386 quod
228 2302 365 2367 minime
383 2309 564 2386 praestasse
585 2302 715 2368 videtur
738 2301 915 2369 Osiander.
956 2305 1048 2370 Nam
1070 2303 1211 2388 primum

127 2403 274 2487 pluribus
288 2405 322 2469 in
336 2405 433 2483 locis,
449 2404 510 2492 sed
531 2405 717 2489 praesertim
742 2405 777 2470 in
805 2403 992 2491 Apotheosi
1006 2426 1056 2471 vs.
1079 2405 1154 2471 900.
1176 2411 1212 2469 et

28 2492 29 2515 ³
127 2524 205 2589 seq,
219 2504 370 2572 humanm
386 2515 511 2574 naturae
525 2509 557 2571 in
572 2506 703 2572 Adamo
715 2509 846 2591 lapsum
868 2509 935 2573 late
949 2516 1061 2573 noster
1073 2508 1213 2592 exequi·

127 2614 187 2671 tur.
215 2606 293 2672 Jam
304 2627 384 2674 vero
400 2610 611 2693 praecipuum
625 2610 755 2691 peccati
773 2609 943 2690 originalis
957 2608 1110 2673 ellectum
1125 2628 1211 2685 esse,

124 2716 268 2773 nostram
283 2710 326 2774 ad
350 2712 471 2774 honum
496 2710 727 2793 quodcumque
751 2710 953 2794 operandum
975 2709 1212 2791 impotentiam,

126 2815 158 2873 et
171 2810 357 2875 absolutam
373 2810 580 2876 medicinalis
601 2810 683 2875 Iesu
698 2811 823 2875 Christi
837 2810 954 2893 gratiae
965 2811 1211 2886 necessitatem,

125 2929 237 2976 omnes
259 2912 419 2977 latentur:
447 2914 533 2978 unde
559 2912 742 2994 Pelagiani,
766 2914 823 2997 qui
852 2914 934 2977 hanc
954 2911 1076 2977 Christi
1097 2912 1212 2993 gratiae

125 3013 354 3077 nenessitatem
368 3032 435 3078 non
450 3016 686 3096 agnoscebant,
698 3014 799 3078 simul
813 3020 848 3078 et
861 3014 1020 3096 originale
1034 3019 1213 3096 peccatum

125 3111 366 3178 inficiabantur.
420 3116 518 3179 Licet
546 3134 624 3197 ergo
645 3134 845 3197 expressam
865 3116 979 3196 gratim
1000 3114 1101 3197 hujus
1121 3132 1213 3176 men·

127 3212 249 3278 tionem
271 3214 391 3279 nullibi
416 3216 618 3281 Prudentius
642 3215 786 3293 haberet,
809 3205 985 3299 agnovisse
1008 3234 1085 3280 eum
1100 3222 1212 3279 tamen

127 3315 200 3378 inde
215 3316 338 3400 conjici
357 3318 434 3401 jure
457 3326 585 3401 posset,
609 3318 701 3404 quod
727 3326 877 3404 apertam
901 3318 1031 3401 peccati
1045 3317 1212 3399 originalis

128 3414 368 3482 consessionem
381 3420 509 3502 ubique
524 3419 635 3485 faciat.
677 3419 744 3483 Sed
765 3438 827 3484 nee
841 3438 954 3484 verum
968 3425 1032 3495 est,
1046 3436 1123 3481 eum
1145 3416 1212 3481 Re-

127 3516 281 3584 demtoris
307 3522 422 3602 gratiae
448 3540 618 3605 nunquam
650 3521 851 3585 meminisse.
906 3519 997 3584 Nam
1026 3517 1212 3602 Apotheos.

127 3617 265 3685 vs.880.
289 3620 464 3686 humanam
489 3630 645 3687 naturam
667 3622 834 3706 ‘lapsam,
855 3621 1045 3705 Christique
1066 3622 1211 3702 inopem,

127 3738 208 3783 nova
222 3722 328 3803 gratia
342 3722 536 3789 innodatam
555 3722 684 3789 fuisse'
708 3724 800 3788 dicit.
845 3722 938 3802 Quin
951 3724 1027 3807 ipso
1042 3720 1212 3787 Hamarti-

128 3820 229 3899 geniae
252 3824 310 3887 lih.
335 3844 385 3888 vs.
406 3826 480 3890 665.
506 3827 673 3892 Christum
695 3826 835 3908 perditis
859 3830 1000 3909 peccato
1024 3821 1213 3887 hominihus

130 3920 332 3989 ‘redivivam
346 3927 462 3991 tulisse
476 3929 659 4008 medelam
682 3948 741 3993 eos
756 3946 820 4011 ope
834 3934 1021 3992 restaurare
1033 3923 1183 3989 secunda
1191 3921 1211 4002 3'

130 4026 205 4099 ium,
230 4024 321 4107 quod
345 4028 526 4093 maximam
546 4030 615 4093 vim
637 4029 745 4107 hahet,
772 4028 866 4094 ‘labi
884 4026 1025 4091 hominis
1040 4024 1212 4110 proprium

161 4220 191 4266 111
206 4219 320 4273 orthem.
328 4222 424 4291 lipara.
436 4240 474 4274 vr.
486 4228 623 4277 llb-ltt.
733 4228 764 4274 rt
781 4224 814 4275 ln
824 4224 895 4291 Epit.
906 4224 977 4278 flur.
989 4224 1062 4277 scer.
1072 4221 1178 4275 ceum.
