3034 4900
258 374 300 442 18
698 389 905 440 namneum.

257 554 333 601 mus
363 532 573 599 Gennadium
601 531 806 611 meminisse,
831 531 922 614 gravi
948 550 990 596 ac
1017 531 1168 614 impense
1194 530 1346 598 deflenda

257 641 441 719 temporum
468 632 588 716 injuria
617 632 791 696 exaruisse
813 631 987 696 dicendum
1014 636 1086 710 est;
1116 633 1152 695 ni
1178 631 1263 697 forte
1286 633 1345 697 ad-

256 739 322 804 buc
366 736 489 800 alicubi
528 735 714 811 delitescat,
753 734 881 798 tamdiu
913 753 988 798 cum
1026 734 1124 797 tineis
1161 735 1346 818 blattisque

257 839 530 915 conflictaturum,
546 836 656 901 donec
676 835 790 913 docta,
813 855 930 918 sagax,
953 835 1213 918 fortunatiorque
1228 855 1345 900 manus

256 943 290 1005 in
303 940 387 1004 illud
401 938 557 1015 offendat,
573 943 606 1002 et
620 939 653 1001 in
668 938 777 1002 lucem
792 938 950 1021 proferat,
959 955 1078 1019 magno
1093 935 1289 1002 Christianae
1305 957 1345 1003 ac

255 1043 429 1108 Iriterariae
454 1039 614 1122 Reipubl.
636 1040 729 1103 bono
752 1046 785 1103 et
806 1045 1010 1102 ornamento.
1054 1037 1108 1101 Ex
1122 1038 1273 1103 omnibus
1289 1058 1347 1102 au·

171 1225 173 1230 ¹
257 1150 325 1209 tem
338 1141 555 1207 existentibus
571 1140 681 1206 adbuc
695 1139 869 1204 Prudentii
886 1139 1067 1223 Operibus,
1081 1159 1166 1204 unus
1183 1145 1237 1204 est
1251 1139 1347 1204 libel·

255 1242 523 1327 lusDiptycbon,
543 1261 642 1325 quem
656 1242 808 1307 nonnulli
831 1241 949 1306 Poetae
974 1252 1088 1307 nostro
1111 1242 1346 1306 ascribendum

256 1365 332 1409 esse
345 1345 432 1408 baud
448 1344 546 1407 laoile
561 1343 627 1406 sibi
643 1341 868 1425 persuadent.⁶
911 1341 990 1406 Alia
1011 1343 1088 1406 aliis
1103 1343 1280 1409 dubitandi
1292 1362 1346 1407 ra·

255 1447 316 1510 tio.
358 1445 460 1511 Joan.
483 1443 679 1520 sichardus,
707 1443 803 1527 eujus
827 1444 996 1510 nonnullae
1018 1449 1132 1508 extant
1147 1446 1187 1508 in
1201 1444 1346 1509 Pruden-

256 1547 339 1614 tium
355 1547 594 1623 annotationes,
614 1545 695 1609 lieet
716 1545 862 1609 fateatur
883 1546 1110 1609 vetustissima
1127 1565 1268 1628 quaeque
1285 1564 1345 1611 ex·

256 1649 419 1731 emplaria
432 1649 465 1712 in
483 1648 547 1712 hoo
570 1648 754 1724 convenire,
776 1655 816 1710 ut
836 1647 1026 1711 istiusmodi
1048 1667 1135 1730 opus
1158 1647 1342 1714 Prudentia

256 1750 437 1826 ascribant,
453 1747 629 1811 dictionem
646 1752 756 1810 tamen
783 1765 857 1812 eam
879 1767 954 1812 esse
968 1749 1027 1823 ait,
1048 1755 1086 1812 ut
1105 1748 1206 1813 saoile
1229 1750 1347 1832 probet

256 1851 393 1916 alterius
408 1868 493 1926 esse,
509 1857 542 1912 et
556 1847 698 1912 sortasse
720 1849 859 1926 Sedulii,
873 1849 926 1914 vel
947 1848 1082 1914 Amneni
1096 1852 1270 1936 enjusdam
1284 1870 1345 1934 pa·

253 1972 329 2016 rum
347 1952 418 2016 noti
439 1950 630 2034 scriptoris,
643 1948 742 2032 eujus
751 1969 871 2015 nomen
884 1953 918 2014 in
932 1957 1063 2015 vetusto
1079 1950 1161 2015 Cod.
1176 1951 1344 2034 Argento-

254 2055 379 2118 ratensi
389 2053 467 2116 hnic
481 2047 659 2134 Opusculo
674 2051 865 2135 praefixum,
881 2050 1060 2115 sevidisse
1075 2057 1226 2116 testatur.
1269 2051 1344 2137 Sty-

253 2156 279 2220 li
302 2155 538 2219 dissonantiam
562 2152 731 2236 Dupinius
758 2153 861 2216 etiam
876 2159 976 2234 urget
995 2150 1071 2218 loe..
1085 2150 1168 2231 cit.;
1192 2151 1252 2215 sed
1266 2152 1342 2237 ejus

255 2256 425 2320 sententia
438 2261 502 2330 est,
516 2252 706 2335 hujusmodi
721 2271 807 2335 opus
829 2271 851 2315 a
872 2252 1050 2316 Prudentia
1068 2253 1202 2336 quidem
1217 2254 1344 2336 profec-

254 2361 324 2420 tum
339 2355 431 2420 initio
445 2354 561 2430 luisse,
578 2353 667 2435 quod
686 2353 786 2416 modo
810 2359 921 2418 tamen
942 2352 1115 2429 habemus,
1131 2354 1225 2419 illius
1236 2356 1346 2438 epito-

254 2476 329 2521 men
355 2456 532 2540 quamdam
554 2473 631 2519 esse
653 2454 695 2517 ab
719 2452 861 2517 Amaeno
885 2453 937 2517 vel
959 2454 1028 2518 alio
1062 2456 1181 2537 quovis
1208 2464 1344 2522 auctore

255 2556 445 2622 confictam.
489 2554 590 2631 Nam,
605 2554 723 2636 inquit,
737 2572 823 2635 opus
837 2553 1008 2636 quoddam
1021 2555 1065 2619 de
1086 2562 1160 2620 toto
1183 2555 1228 2621 V.
1244 2566 1281 2622 et
1296 2558 1344 2623 N.

254 2658 467 2724 Testamento
498 2656 719 2721 Prudentium
752 2654 953 2735 elaborasse,
982 2662 1084 2739 atque
1110 2658 1146 2720 in
1172 2658 1344 2740 publicum

255 2762 417 2835 emisisse,
432 2758 627 2824 Gennadius
642 2761 756 2837 aperte
771 2755 883 2820 tradit.
927 2756 995 2821 Sed
1012 2756 1094 2820 illud
1112 2766 1269 2841 tanquam
1294 2761 1345 2822 in·

253 2881 333 2943 gens
348 2880 434 2945 opus
449 2862 537 2925 idem
551 2860 678 2924 Auctor
693 2857 858 2939 designat,
877 2857 1072 2941 Diptycbou
1081 2868 1192 2924 autem
1207 2860 1346 2938 libellus

252 2986 375 3049 pervus
390 2971 451 3030 est.
495 2962 629 3028 Vellem
643 2961 795 3044 equidem
808 2961 930 3038 locum,
941 2964 975 3025 in
987 2981 1055 3045 quo
1064 2961 1136 3028 baec
1152 2963 1344 3029 Gennadius

253 3067 356 3144 dicat,
372 3068 591 3149 designasset,
608 3064 725 3128 nullibi
747 3064 838 3127 euim
859 3065 999 3147 reperio.
1043 3064 1172 3129 Verum
1186 3085 1268 3131 sane
1281 3074 1343 3145 est,

252 3169 341 3251 quod
356 3168 419 3232 boe
434 3186 534 3251 opere
543 3173 642 3250 atque
657 3168 693 3229 in
709 3164 947 3230 Hexaiimeron
958 3168 1193 3231 commentario
1202 3172 1345 3233 recensi—

251 3268 306 3345 tis,
321 3267 517 3332 Gennadius
542 3267 654 3331 addit:
677 3271 688 3301 ‘
704 3266 906 3351 Composuit
927 3273 962 3332 et
977 3267 1133 3345 libellos,'
1146 3272 1206 3333 &o
1221 3272 1344 3353 quibus

252 3369 460 3454 Diptyohon,
476 3377 515 3433 ut
528 3369 638 3452 majus
654 3369 811 3452 quiddam
821 3390 842 3433 a
855 3371 977 3434 ceteris
1002 3369 1126 3435 libellis
1140 3372 1342 3454 distinguere

250 3471 379 3536 videtur
392 3490 402 3549 3
424 3470 485 3533 sed
499 3469 687 3552 conjectura
701 3478 754 3533 est
765 3490 971 3557 superquam
984 3470 1077 3535 firma
1091 3474 1248 3554 probatio
1263 3494 1343 3538 oon·

251 3574 334 3638 strui
350 3573 484 3635 omnino
500 3590 567 3635 non
581 3576 706 3653 potest.
752 3570 891 3634 Nullius
914 3572 1041 3652 pariter
1059 3573 1217 3653 ponderis
1233 3582 1286 3639 est
1300 3576 1342 3640 de

164 3704 168 3719 ‹
251 3672 327 3753 styli
343 3670 547 3735 dissonantia
562 3670 652 3752 quod
667 3671 781 3749 aiunt;
805 3691 918 3736 seeum
929 3673 1018 3736 enim
1030 3673 1171 3737 invicem
1182 3679 1357 3759 pugnant.

251 3770 449 3837 Dominicus
466 3770 651 3835 Maurusia
667 3770 846 3835 Hierolex.
869 3772 1037 3855 Dupinius
1051 3774 1116 3837 loo.
1131 3776 1189 3838 cit.
1205 3775 1342 3857 aliique,

249 3891 316 3937 non
331 3876 449 3939 eadem
461 3874 584 3955 linguae
597 3874 741 3957 puritate
758 3891 799 3937 ao
814 3881 1003 3951 venustate,
1018 3893 1087 3957 qna
1099 3874 1271 3938 Prudentii
1286 3895 1341 3938 oe·

250 3976 319 4036 tera
328 3975 551 4058 conscriptum
561 3992 636 4037 eum
645 3992 721 4037 esse
732 3972 857 4037 dicunt.
871 3974 1016 4038 Bailleto
1024 3972 1175 4038 Adriano
1186 3994 1205 4037 e
1216 3980 1340 4052 contra,

281 4139 298 4183 a
313 4134 390 4187 Joan.
400 4136 537 4186 Sicbardun
548 4138 574 4189 J.
586 4139 616 4188 C.
626 4137 734 4187 Scholiin
747 4138 774 4187 in
814 4138 949 4190 Pornevin.
972 4139 998 4188 in
1020 4138 1158 4202 Apparet,
1176 4138 1298 4201 Heiuslm
1314 4138 1341 4188 in

249 4212 342 4277 Prud,
354 4214 449 4278 Georg.
463 4214 566 4265 Febris.
577 4216 604 4265 iu
616 4216 668 4267 vit.
684 4215 775 4281 Prnd.‚
815 4217 891 4279 Not„
900 4214 1028 4281 Dupiuioe
1036 4214 1105 4265 Bibl·
1116 4216 1214 4267 Ecclt.
1223 4228 1266 4268 nr.
1278 4230 1305 4281 p.
1316 4220 1341 4267 l.
