3034 4900
293 379 358 445 172
629 382 789 440 sunsutr
820 387 1031 438 rrtuonrtrrr

294 536 374 602 Sive
388 536 502 621 pardis
516 535 718 602 offerendum
732 540 861 621 pectus,
878 541 937 600 unt
949 534 1114 599 leonibus.

286 665 290 674 ¹
339 637 452 701 Nosne
466 637 597 702 Christo
614 637 778 723 procreati
790 654 986 701 mnmmonae
1001 635 1206 699 dicabimurt

295 738 341 802 Et
355 738 422 804 Dei
436 737 573 804 sormam
586 745 737 821 gerentes
750 737 933 802 serviemus
946 736 1098 802 saecolot

294 839 405 918 Absit,
419 846 457 905 ut
470 841 619 906 eoelestis
633 841 717 922 ignis
732 859 770 904 se
784 839 925 903 tenebris
939 840 1089 902 misceat.
1337 838 1385 903 60

337 943 390 1008 Sit
403 943 500 1020 satis,
515 941 603 1024 qnod
618 947 719 1023 capta
733 941 841 1024 primo
856 940 927 1004 vita
942 943 1005 1003 sub
1020 940 1236 1024 chirographo

295 1045 451 1110 Debitum
466 1042 622 1126 persolvit
637 1061 745 1120 omne,
759 1043 871 1108 functo
884 1045 980 1107 rebus
995 1042 1161 1107 Caesaris:

293 1145 441 1228 Tempus
457 1149 511 1208 est
526 1143 598 1207 Deo
612 1144 761 1228 rependi,
776 1144 933 1226 quioquid
944 1149 996 1207 est
1010 1144 1179 1225 proprium
1195 1143 1270 1207 Dei.

337 1244 402 1323 Ite,
419 1243 583 1326 signorum
600 1245 757 1326 magistri,
773 1251 807 1309 et
819 1263 883 1308 vos
899 1245 1021 1308 tribuni
1036 1245 1198 1310 absistite.

294 1346 425 1413 boreos
440 1346 565 1410 auferte
580 1353 724 1429 torques,
738 1346 927 1410 sauciorum
941 1347 1089 1428 praemio,
1335 1345 1384 1411 65

291 1539 373 1602 positi,
388 1542 463 1592 secari
480 1541 594 1603 objicsrsr
615 1555 656 1590 ses
675 1542 756 1604 pardis
770 1541 997 1607 bonihustrffsrrs
1012 1555 1101 1603 corpas.
1133 1542 1173 1591 As
1190 1555 1241 1602 sss,
1258 1541 1379 1604 ispaisst,

294 1603 367 1652 meru
374 1604 518 1654 Cbrs'stiauir
527 1605 611 1654 imbuti
620 1605 719 1654 dumosi
727 1603 952 1669 obtemperabimus?
986 1607 1026 1655 As
1035 1621 1086 1667 sos,
1096 1607 1247 1669 qatsomrs
1255 1605 1304 1654 ner·
1312 1605 1383 1666 geri·

293 1679 351 1728 stus,
361 1669 434 1720 dediti
442 1669 635 1718 mantenano
643 1670 799 1731 uoluptatibus
808 1667 822 1720 l
837 1670 907 1720 stris
916 1671 1021 1736 ststders
1032 1675 1134 1718 sosimas
1139 1669 1230 1730 foedest
1238 1669 1288 1716 itta
1295 1682 1383 1716 crasse

196 1785 202 1795 α
299 1731 407 1780 umbro.
441 1733 480 1782 Sit
498 1735 568 1793 satis,
587 1737 647 1796 quod
667 1734 758 1782 Coescri
775 1749 818 1796 prr
834 1735 922 1796 prinas
937 1748 1008 1782 casm
1028 1748 1111 1783 sones
1126 1738 1229 1782 sartum
1240 1733 1384 1792 wmarus,

296 1795 360 1842 cauo
370 1797 469 1860 amplias
479 1801 584 1845 terremur
593 1802 754 1856 messmam
767 1797 878 1847 atrirm
887 1798 988 1846 dcbitsrs
998 1797 1202 1860 isrprmtrrdjcm
1214 1798 1265 1846 Dec
1275 1796 1382 1846 debitum

294 1858 415 1911 soleamus.
447 1860 535 1910 Proord
551 1861 605 1911 bisc
623 1861 743 1925 sigerrrr',
755 1863 835 1924 procat
852 1861 959 1922 tutam
972 1861 1053 1924 preest
1063 1863 1128 1911 cerei
1139 1868 1240 1926 torques,
1249 1861 1333 1926 usibus
1343 1875 1383 1910 re·

748 2019 926 2041 'W‘

295 2135 326 2188 Δ.
338 2137 366 2188 F.
379 2135 436 2188 ott.
445 2136 504 2189 lud.
516 2138 658 2188 nucu-so
668 2137 795 2190 urniorum
804 2140 867 2189 idcio
877 2138 973 2190 0.-63
982 2138 1093 2202 ςιιίἀᾳιὲἀ
1102 2142 1137 2187 cst
1146 2151 1214 2187 ssrss
1225 2133 1273 2184 Dei
1281 2132 1379 2182 Weits.

786 2285 892 2337 ΝΟΜ

287 2392 445 2459 jodicsreru,
473 2395 630 2461 astipulante
662 2398 739 2447 etism
767 2399 818 2447 Ds-
857 2399 952 2449 bantur
961 2399 1067 2450 milltes.

296 2481 366 2521 sent.
376 2471 503 2534 editione,
513 2473 561 2522 nisi
573 2472 639 2521 intra
649 2474 817 2522 Laurentium
889 2474 1001 2538 liibssi]
1019 2476 1061 2525 De
1074 2474 1180 2524 tribunis
1195 2464 1315 2534 militnm,
1325 2484 1378 2521 nou

294 2547 443 2595 semiustum
458 2554 585 2596 ecatssta
601 2546 679 2597 effatu
697 2548 768 2597 brevi
774 2549 816 2611 jn·
855 2564 917 2601 sero
925 2550 1016 2615 plebis,
1026 2550 1195 2602 Prudentium
1205 2549 1379 2613 loqnicerturn

293 2618 566 2692 dicescompsllsnteru
579 2622 687 2674 taceret.
705 2622 756 2671 Ubi
764 2623 817 2673 lec·
856 2633 905 2677 est.
937 2627 1042 2690 Eorum,
1054 2633 1082 2676 ut
1092 2626 1231 2677 Marcellos
1242 2626 1276 2676 de
1292 2641 1321 2676 re
1333 2626 1378 2675 mi·

294 2697 374 2745 tulum
387 2696 467 2763 illum,
477 2698 555 2748 cratis
576 2698 668 2749 terrere
686 2698 768 2763 figura
779 2697 816 2750 et'·
855 2704 925 2753 litari
936 2703 1033 2765 scribit,
1042 2702 1152 2755 officium
1163 2711 1227 2766 erat,
1243 2704 1269 2752 in
1285 2702 1378 2752 castris

291 2770 439 2834 formatum,
449 2774 491 2822 cui
507 2775 661 2824 marentius
681 2775 817 2826 torrendos
856 2779 952 2829 militas
971 2781 1115 2843 continere,
1127 2788 1154 2830 et
1165 2781 1197 2831 sd
1208 2779 1377 2830 exercitatio·

293 2845 428 2909 impositus
435 2854 492 2896 erat
500 2857 527 2897 et
536 2849 664 2913 slligstus,
672 2850 817 2916 intelligere
857 2870 916 2905 uem
930 2858 1083 2920 producere,
1095 2857 1195 2922 vigilias
1209 2857 1328 2918 circuire,
1340 2856 1378 2907 ret

293 2922 404 2975 videtur.
857 2929 1032 2987 frumentarias
1045 2948 1165 2999 praeesse,
1181 2932 1299 2999 querelas
1309 2946 1377 2981 coru·

324 3006 357 3051 ts
374 3002 526 3067 naamon]
541 3004 753 3071 Linguasyriucs
763 3007 817 3058 sire
856 3010 1000 3062 militonum
1012 3010 1112 3071 audire,
1124 3006 1322 3059 valetudinarios
1340 3007 1377 3055 iu·

295 3076 467 3146 dramaeapru
478 3082 537 3132 Deo
545 3081 702 3148 divitiarum,
713 3092 758 3135 aut
771 3100 818 3149 pro
857 3086 977 3149 spicere:
995 3086 1113 3151 quonism
1124 3085 1156 3147 is,
1174 3085 1217 3150 qui
1235 3084 1281 3134 tali
1292 3082 1375 3134 officio

292 3158 357 3221 ipsis
378 3154 475 3210 divitiis
493 3161 623 3225 scalpitur
638 3162 701 3212 illud
714 3177 818 3214 nomen.
857 3169 962 3225 praest,
970 3168 998 3211 et
1008 3161 1071 3211 dare
1079 3168 1106 3212 et
1117 3161 1254 3212 observare
1265 3167 1377 3211 castren·

292 3232 444 3300 Allnditque
454 3236 486 3286 ad
499 3238 562 3288 illud
573 3240 669 3288 Mattb.
681 3253 719 3289 vr.
737 3242 744 3268 ‘
757 3240 818 3290 Nou
858 3238 896 3287 sia
906 3238 991 3287 anuis
1001 3237 1088 3287 debet.
1122 3234 1260 3288 Pedianus
1277 3236 1314 3285 sit
1330 3236 1374 3285 tri·

293 3311 401 3377 potestis
412 3310 469 3361 lieo
480 3314 576 3363 servire
588 3321 614 3363 et
626 3314 799 3366 Hammona?
858 3315 982 3364 bonorum
989 3313 1196 3363 militariumduo
1205 3326 1260 3364 esse
1268 3326 1376 3375 genem

296 3452 300 3461 ὓ
324 3392 356 3437 os
373 3389 425 3438 Deo
436 3388 542 3451 reperti]
552 3390 634 3441 Juxta
645 3391 708 3439 illud
720 3392 816 3441 Matth.
857 3391 966 3458 primunr
977 3404 1065 3440 eorum
1076 3390 1119 3456 qui
1137 3390 1243 3442 Rufnlci
1252 3390 1376 3452 dicuntur,

295 3480 367 3517 xxrr.
393 3466 531 3523 ‘Reddita
549 3483 606 3531 qum
620 3476 680 3518 sunt
697 3469 817 3531 Cusaris,
857 3466 919 3515 etin
930 3467 1045 3516 exercitu
1055 3467 1138 3517 solent
1149 3467 1246 3518 creari:
1265 3466 1307 3515 alii
1318 3473 1375 3515 sunt

294 3542 399 3604 Coesnri,
409 3550 438 3595 et
448 3558 506 3610 quas
518 3543 580 3607 Dei,
590 3544 669 3595 Deo!
858 3542 1000 3603 Comitiati,
1011 3542 1056 3605 qui
1074 3543 1183 3593 comitiis
1203 3540 1374 3605 designantur.

323 3623 356 3669 ot
382 3620 510 3683 Sigssrrrar
529 3619 650 3683 nogium]
674 3620 816 3687 Postquam
887 3623 918 3667 dd
937 3619 1138 3685 sanamque]
1156 3620 1268 3683 Insignis
1284 3618 1374 3668 militr-

292 3696 390 3747 Marins
412 3696 442 3758 is,
470 3695 515 3761 qui
537 3696 633 3760 septies
654 3696 816 3746 consulatum
859 3695 907 3755 ria,
927 3709 984 3759 ques
1002 3696 1096 3744 dantur
1110 3710 1157 3759 pro
1186 3694 1330 3744 vulneribus
1350 3694 1373 3744 in

294 3774 384 3837 gessit,
394 3772 541 3823 insecundo
557 3772 702 3830 consulatu,
715 3773 818 3839 reliquis
858 3772 948 3837 psallo
958 3773 1082 3836 acceptis.
1114 3770 1276 3821 Modestinus
1287 3768 1332 3819 lib.
1343 3768 1373 3818 ds

294 3842 372 3911 'signis
384 3850 487 3899 omnino
502 3848 616 3908 abolitis,
637 3848 745 3913 aquilam
760 3864 818 3912 pro·
858 3849 975 3900 rocsbul.
989 3849 1025 3896 rei
1035 3848 1138 3898 militar.
1169 3844 1320 3908 ‘Torqnarii
1330 3842 1372 3893 du·

292 3925 349 3992 prio
362 3924 483 3975 Romanis
491 3924 634 3989 legionibus
644 3925 758 3986 dicavit;
775 3940 818 3975 su·
857 3928 953 3993 plnres,
975 3922 1098 3988 tanquarii
1120 3922 1262 3982 simplsres,
1283 3918 1371 3983 quibos

294 4012 366 4049 reum
376 4003 467 4065 aquilo
478 4001 641 4052 simulacrum
652 4002 734 4052 bostra
752 4017 818 4067 pra·
858 4010 960 4064 torques
983 4012 1072 4047 snreos
1087 3994 1174 4044 solidor
1195 3994 1296 4043 virtutis
1311 4010 1372 4059 pru·

293 4074 382 4138 piletae
393 4075 512 4127 suffixum
532 4093 548 4127 s
565 4078 646 4129 milite
666 4079 745 4129 latum
756 4078 816 4141 fuit,
856 4070 934 4124 mium
951 4072 1019 4121 tuit!
1050 4068 1205 4120 Maximinus
1223 4068 1373 4137 Imperator,

294 4162 326 4199 sc
345 4164 497 4219 quocunque
514 4152 577 4201 illud
594 4155 694 4217 riguum
707 4153 816 4217 ferriju·
856 4166 914 4201 corn
927 4148 1010 4199 adhuc
1026 4144 1137 4207 vulgaris
1154 4155 1231 4209 essct,
1246 4147 1279 4200 ob
1299 4149 1371 4201 robur

293 4222 372 4277 bebst
383 4225 485 4289 doctor,
492 4226 680 4277 comitabuntur
688 4243 718 4278 ac
726 4242 817 4291 seque·
857 4226 981 4290 corporis,
989 4222 1059 4288 quod
1071 4222 1174 4272 intucta
1182 4223 1285 4277 militari
1293 4236 1370 4278 osteu-
