3034 4900
439 380 726 431 nnrrxnnesrtos
747 384 875 435 uuus.
902 387 981 435 vm.
1188 374 1253 441 298

375 523 557 603 Absolvas,
572 543 705 608 precor,
721 528 862 611 optime,

375 625 491 710 Hujus
505 644 594 689 nnnc
609 626 730 691 animae
745 648 866 694 moras.
1207 634 1251 701 80

415 724 507 805 Quid
519 726 648 809 possis,
665 729 788 811 proba
800 729 965 808 amnicus,

372 827 442 907 Qui
456 834 567 893 vectat
580 828 722 909 silicem,
735 830 860 914 liquor,

373 929 453 994 Hoc
463 929 537 1013 jam
552 930 645 1013 quod
659 940 815 1017 superest
829 932 925 1013 cedo,

373 1029 451 1110 Quo
466 1030 514 1094 nil
528 1036 580 1096 est
594 1020 775 1114 pretiosius
823 1078 835 1094 .

372 1131 501 1208 Prote,
520 1130 653 1197 Christe
668 1134 775 1213 Deus,
790 1136 883 1201 mori.

416 1232 579 1298 Orantem
594 1235 694 1301 simul
708 1237 831 1301 halitus

374 1335 420 1400 Et
429 1354 501 1400 vox
516 1336 638 1403 deserit
651 1344 685 1402 et
699 1339 810 1408 calor:

374 1438 515 1503 Scandit
529 1438 669 1520 spiritns
684 1440 789 1505 ardua
803 1460 812 1503 :

374 1537 432 1601 Fit
446 1538 580 1620 pondus
594 1558 695 1620 grave
708 1558 860 1615 sucum,
1240 1594 1245 1603 .

370 1638 505 1722 Corpus
519 1641 710 1724 suscipiunt
723 1659 833 1725 aquae.
975 1720 978 1731 Ι
1205 1644 1250 1711 90

154 1858 1250 1928 Concedeigiter,olouedm,mnimqmpr·lmmmtieaimnpcrrlt,utqmcitc
1342 1822 1344 1827 i

150 1929 229 1972 mut.
262 1923 384 1981 lamio,
401 1936 453 1971 m
468 1928 519 1972 tun
534 1924 626 1985 ingenti
639 1925 857 1987 haidismeedcl,
872 1927 1174 1990 transmeaverunt.
1207 1928 1249 1977 Dc

151 1987 187 2047 id,
196 1987 258 2050 qaod
268 1992 385 2049 noenu,
404 2000 487 2049 m
502 1987 564 2036 nori
578 2004 621 2050 pro
635 1993 667 2038 tc.
700 1989 782 2049 Nllu'l,
802 2005 817 2039 o
835 1989 939 2051 caure,
955 1990 1032 2053 magis
1041 1997 1078 2041 est
1087 1991 1248 2041 desiderabile.

151 2049 709 2113 Denncdlumiot;oertrniulimipsi
727 2052 814 2113 defuit,
835 2059 930 2116 elucet,
950 2056 1065 2103 saur.
1099 2054 1249 2105 iunctim

150 2118 215 2235 ‘gei
234 2114 326 2177 edu,
348 2119 374 2163 et
388 2128 472 2178 mour
493 2115 562 2163 nola
581 2117 683 2179 pondere
698 2115 784 2175 satur
798 2116 824 2165 in
838 2116 991 2180 profundent,
1016 2122 1088 2182 mque
1102 2119 1170 2183 equs
1185 2118 1248 2180 tegi·

646 2274 754 2329 NO'l'AE

181 2389 214 2435 8⁸
232 2384 309 2448 crdo]
322 2385 678 2453 llerentiosquoque‘ctrdo’
718 2384 770 2435 Da.
802 2385 930 2439 ‘Quinto
944 2386 1007 2436 milti
1025 2392 1159 2454 argentum
1172 2390 1247 2443 cedo.
1272 2387 1277 2395 “

148 2460 331 2526 imperativum
340 2462 460 2526 pornitln
468 2461 623 2512 Phormione
630 2475 679 2526 pro
717 2462 801 2512 Immo
812 2463 886 2513 uxori
898 2469 927 2514 tu
936 2463 1023 2515 cedo.'

551 2693 849 2708 m

333 2905 550 2955 Anuont'rio
574 2904 614 2954 ΙΝ
639 2906 811 2956 nimum
833 2905 1074 2968 anulinum.

118 3115 122 3122 ¹
147 3041 267 3103 Piero
279 3037 350 3100 huic
363 3037 484 3118 Hymno
496 3037 557 3100 loci
576 3047 689 3114 noum,
711 3038 867 3119 calagurri
888 3040 1012 3112 scilicet,
1033 3040 1083 3100 ubi
1097 3039 1247 3119 Baptiste·

147 3138 222 3196 rium
235 3134 285 3194 hic
297 3132 478 3194 celebratum
492 3134 581 3195 situm
603 3145 678 3212 erat,
699 3135 839 3216 apposuit
860 3135 1002 3196 Heinsius
1022 3153 1060 3194 ex
1073 3134 1150 3196 (lod.
1164 3134 1247 3195 Oxo·

148 3232 209 3305 nio,
230 3239 320 3309 atque
331 3229 448 3292 dnobus
461 3229 579 3292 Weitzii
594 3231 792 3313 Egmondano
806 3231 1088 3294 etWidmanniano.
1130 3231 1165 3291 ld
1186 3249 1248 3291 non

146 3326 295 3406 ignoravit
308 3324 547 3395 chamillardorz
568 3327 678 3388 fatetur
696 3327 794 3397 enims
821 3334 853 3388 et
872 3337 972 3388 tamen
991 3323 1144 3388 contendit
1165 3325 1248 3404 quod

147 3439 209 3482 aon
232 3420 308 3482 nlius
327 3421 377 3482 hic
394 3421 480 3482 locus
500 3421 684 3502 designetur,
705 3442 795 3503 quam
818 3441 919 3485 carcer
933 3421 1128 3483 Mamertinus
1142 3421 1246 3482 Roma

147 3529 265 3592 extans,
285 3521 373 3598 quem
397 3519 464 3578 iure
491 3518 644 3581 describit.
703 3521 781 3580 Mira
809 3539 881 3580 sane
905 3519 1034 3578 hominis
1055 3516 1246 3578 confidentis.

148 3615 219 3675 Non
241 3613 319 3674 enim
332 3614 566 3676 vetustissimum
580 3615 707 3694 aliquem
720 3613 874 3686 Codicem,
895 3631 983 3693 quem
1005 3613 1098 3672 tribus
1112 3611 1171 3670 illis
1192 3629 1246 3690 op-

146 3720 251 3791 ponat,
270 3709 355 3784 uidit,
375 3728 432 3772 oeo
445 3709 536 3773 ullam
549 3709 670 3770 omnino
683 3707 794 3788 profert
808 3709 962 3780 rationem,
977 3727 1037 3785 qua
1057 3702 1171 3764 Heinsii
1185 3705 1246 3766 lec-

146 3808 260 3869 tionem
287 3805 433 3877 destruat,
462 3821 546 3864 ruam
573 3805 738 3866 confirmet.
781 3803 841 3864 Sed
865 3802 943 3863 enim
968 3801 1131 3861 Vaticanus
1157 3820 1245 3877 unus,

148 3921 219 3963 sane
231 3900 508 3982 maesmndssimos,
528 3897 654 3958 eandem
664 3899 722 3961 loci
736 3909 837 3960 notem
851 3898 959 3965 haben
981 3895 1061 3955 unde
1074 3894 1113 3956 de
1123 3895 1247 3958 verimte

148 3997 321 4058 Heinsianae
335 3995 470 4058 lectionis
485 3994 680 4057 dubitandum
693 4015 751 4056 non
767 4003 823 4056 est.
864 3991 1007 4053 Weitzius
1020 3991 1155 4052 mutilum
1165 3991 1246 4054 hunc

148 4077 302 4173 llymnum
324 4095 365 4154 ob
385 4092 507 4157 nimiam
528 4090 702 4152 brevitatem
725 4089 894 4169 suspicatus
916 4096 982 4156 est;
1005 4086 1059 4162 sed
1080 4087 1196 4154 nullum
1214 4091 1245 4152 in

147 4196 192 4250 tot
203 4187 420 4272 probetittimis
433 4185 597 4250 (lodicibus
606 4185 801 4249 mutilationis
811 4185 969 4266 retugium
982 4196 1115 4267 apparet.
