3034 4900
277 401 321 466 26
718 413 923 463 PRAEFATIO.

277 556 370 624 rendi
394 563 500 634 eruut,
522 555 580 640 qui
601 555 684 621 banc
706 556 894 622 abstinendi
920 557 1191 622 consuetudinem
1211 557 1364 637 laudant,

279 663 322 727 ad
339 683 478 747 eamque
493 662 607 726 fideles
622 658 809 741 saepissime
829 657 1067 737 adhortantur3
1082 666 1121 723 ut
1134 659 1272 725 Tertull.
1291 662 1366 727 init.

277 765 335 828 lib.
354 764 406 829 Ad
422 764 562 846 Martyr.
577 768 610 827 et
624 760 766 844 Apolog.
781 779 812 824 c.
826 761 880 824 49.
895 778 928 842 p.
951 760 1036 837 121..
1057 759 1164 826 (ilem.
1181 760 1365 826 Alexandr.

278 863 417 946 Paedag.
438 866 496 930 lib.
516 882 555 928 ιι.
577 883 607 929 c.
621 862 654 928 1.
675 883 707 946 p.
723 863 809 939 139,
823 870 858 927 et
872 861 986 944 Cyrill.
1003 862 1138 928 Hieros.
1161 860 1293 927 (isthec.
1311 879 1364 929 ιν.

278 965 369 1044 Quin
383 966 537 1031 Clemens
553 966 608 1031 cit.
623 965 699 1042 loa,
713 963 814 1028 Joan.
826 964 991 1048 Baptistae
1001 963 1124 1028 Christi
1134 965 1364 1048 praecursoris,

277 1087 318 1132 ac
334 1066 487 1132 Matthaei
502 1065 570 1149 Ap.
585 1064 776 1149 exemplum
787 1066 919 1148 profert,
929 1085 1068 1149 quorum
1080 1067 1205 1150 pumus
1219 1066 1363 1131 locustis

277 1175 312 1232 et
332 1169 430 1234 melle
452 1169 585 1250 agresti,
613 1168 697 1232 alter
719 1167 910 1243 seminibus,
932 1168 1059 1244 baccis,
1083 1175 1184 1252 atque
1205 1166 1364 1244 oleribus,

277 1271 405 1352 absque
433 1270 587 1335 carnibus
616 1269 823 1333 vescebatur.
876 1267 1017 1332 Necnon
1040 1268 1204 1333 Eusebius
1233 1267 1291 1332 lib.
1321 1284 1364 1330 11.

277 1370 373 1436 Hist.
387 1392 417 1437 c.
432 1372 486 1436 22.
500 1372 542 1436 de
556 1371 687 1436 Jacobo
700 1369 821 1454 Apost
837 1368 967 1434 Minore
986 1389 1100 1451 agens,
1115 1369 1228 1447 ‘Hic,'
1242 1371 1363 1453 inquit,

275 1473 436 1557 ‘abipso
452 1473 569 1537 matris
592 1478 681 1536 utero
702 1478 842 1535 sanctus
862 1471 938 1547 suit,
963 1476 1066 1554 atque
1089 1471 1131 1534 ab
1146 1471 1365 1535 animantium

275 1576 430 1639 carnibus
457 1576 590 1659 penitus
623 1571 807 1636 abstinuit!
864 1572 971 1654 lgitur
995 1592 1062 1636 non
1090 1593 1133 1637 ex
1162 1571 1363 1657 Pythagorae

275 1674 466 1760 disciplina,
495 1682 554 1740 aut
581 1674 686 1757 impio
717 1672 980 1738 Manichaeorum
1011 1672 1177 1756 dogmate,
1206 1673 1363 1738 carnibus

276 1776 444 1860 quondam
473 1776 685 1842 abstinebant
710 1774 934 1856 religiosiores
954 1775 1036 1839 inter
1060 1773 1277 1851 Christianos,
1301 1775 1363 1838 sed

275 1878 462 1943 voluntario
475 1877 670 1961 frugalitatis
685 1895 725 1940 ec
741 1876 971 1960 temperantiae
985 1876 1148 1955 instituto,
1167 1896 1234 1961 quo
1249 1877 1363 1940 uinum

276 1997 412 2063 quoqne
433 1979 498 2043 sibi
522 1976 762 2042 interdicebant
782 1994 850 2039 non
875 1977 987 2058 pauci.
1030 1976 1178 2056 ‘Multa'
1202 1978 1312 2060 inquit
1326 1977 1362 2044 S.

275 2077 402 2162 Aug.,¹³
425 2084 553 2164 ‘neque
574 2083 755 2144 vescuntur
776 2078 941 2156 carnibus,
969 2097 1080 2161 neque
1096 2084 1207 2144 mmcd
1221 2079 1365 2143 immun·

275 2180 339 2247 das
355 2182 581 2266 superstitiose
595 2186 729 2266 putant:
756 2179 850 2245 multi
873 2181 986 2245 vinum
1000 2198 1067 2244 non
1083 2179 1211 2257 bibunt,
1235 2199 1294 2244 nec
1310 2186 1362 2244 ta-

266 2300 351 2347 men
379 2301 420 2346 eo
450 2303 486 2347 se
515 2281 717 2364 coinquinari
741 2281 946 2345 arbitrantur.
991 2280 1081 2345 Num
1102 2286 1135 2345 et
1159 2280 1362 2364 quibusdam

274 2382 548 2465 languidioribus,
562 2389 598 2446 et
612 2399 747 2465 prorsus
762 2383 926 2461 omnibus,
948 2383 1006 2467 qui
1027 2383 1100 2448 sine
1122 2383 1182 2447 illo
1198 2391 1363 2468 nequeunt

277 2484 419 2549 salutem
434 2483 584 2567 corporis
604 2483 763 2560 obtinere,
785 2483 1024 2549 humanissime
1045 2504 1085 2549 ac
1109 2486 1361 2551 modestissime

273 2586 416 2668 praeberi
443 2584 578 2649 faciunt
622 2583 742 2667 Itaque
765 2602 830 2648 non
856 2585 1044 2668 rejiciendis
1067 2589 1241 2668 generibus
1266 2588 1362 2652 cibo-

253 2705 357 2765 rum,
380 2686 475 2771 quasi
497 2686 648 2769 pollutis,
670 2685 727 2749 sed
751 2686 1033 2769 concupiscentia
1059 2688 1305 2771 perdomandae,
1327 2695 1364 2753 et

273 2788 443 2853 dilectioni
471 2788 608 2853 fratrum
636 2787 816 2852 retinendus
853 2788 1009 2870 invigilat
1040 2792 1148 2853 omnis
1176 2789 1361 2856 industria!

274 2888 343 2953 Sed
370 2890 405 2952 in
433 2906 470 2953 re
489 2889 640 2953 omnium
663 2889 872 2971 apertissima
893 2888 1020 2954 diutius
1042 2889 1211 2955 immorari
1232 2894 1360 2978 pudet;

273 2989 461 3073 praesertim
484 3008 560 3053 cum
585 2988 775 3073 christoph.
800 2988 1007 3068 Gellarius,¹⁴
1038 2998 1071 3057 et
1094 2991 1232 3076 loseph.
1257 2993 1360 3079 Bing-

271 3092 430 3168 bamus,¹⁵
458 3097 492 3155 et
514 3092 582 3173 ipsi
604 3088 743 3155 aliorum
771 3090 953 3156 Catholicae
978 3091 1141 3159 Ecclesiae
1170 3096 1291 3161 rituum
1316 3117 1360 3163 ec

271 3191 465 3273 dogmatum
479 3192 738 3276 impugnatores,
753 3191 840 3256 bunc
863 3198 970 3257 tamen
985 3196 1152 3278 antiquum
1165 3196 1286 3281 jejunii
1306 3217 1360 3264 ra·

272 3292 396 3357 tionem
420 3295 577 3359 intactam
590 3312 729 3377 prorsus
752 3294 956 3378 reliquerint,
971 3296 1127 3380 nullaque
1141 3318 1285 3365 censure
1298 3319 1360 3365 no·

269 3397 340 3459 tare
354 3394 427 3459 ausi
441 3396 516 3460 sint.

314 3494 459 3559 Domum
474 3495 644 3561 columnia
663 3515 728 3561 non
753 3504 866 3575 vacat,
890 3498 979 3582 quod
1001 3498 1089 3563 idem
1116 3499 1267 3566 Clericus
1286 3505 1358 3570 ait:

271 3596 445 3662 censuisse
459 3596 678 3663 Prudentium
696 3597 863 3664 descensu
888 3599 1011 3667 Christi
1026 3602 1070 3665 ad
1085 3602 1214 3667 inferos
1226 3605 1359 3669 univer·

270 3716 328 3763 sas
342 3698 574 3763 damnatorum
589 3702 748 3765 animase
762 3702 885 3786 poenali
900 3721 1034 3767 carcere
1048 3703 1197 3784 eductas,
1211 3704 1245 3769 in
1258 3705 1357 3771 liber-

269 3802 373 3865 tutem
393 3799 581 3867 vindicatus
605 3800 722 3880 tuisse,
745 3802 835 3887 quod
857 3822 1006 3869 asserere
1030 3803 1224 3870 haereticum
1246 3808 1357 3873 visum

271 3907 323 3964 est
336 3902 372 3965 S.
383 3901 573 3987 Augustino
588 3902 723 3970 Heres.
741 3921 885 3971 uxxrx.
917 3906 1051 3973 Nullibi
1064 3909 1151 3973 enim
1166 3910 1258 3994 apud
1269 3910 1357 3975 Pos-

301 4060 332 4107 1³
348 4060 391 4108 De
409 4059 502 4111 morib.
521 4063 593 4114 Eccl.
612 4063 688 4117 cath.
706 4062 752 4117 lib.
770 4080 791 4116 ι.
830 4070 919 4117 mse.

269 4149 307 4184 vs.
319 4136 362 4191 td.
862 4145 893 4192 to
910 4140 985 4208 Orig.
998 4143 1124 4197 Ecettib.
1137 4160 1186 4198 vn.
1198 4160 1222 4198 c.
1234 4159 1256 4199 1.
1266 4148 1281 4211 §
1290 4151 1314 4199 ³.

301 4214 331 4262 lt
348 4210 380 4261 ln
392 4208 454 4261 Not.
466 4210 499 4261 ad
509 4210 625 4266 Crtbem.
640 4214 737 4278 nyma.
748 4230 792 4269 ιιι.
