3034 4900
305 407 541 464 'rBS'l'moNlA
570 415 748 466 varauuu
776 418 824 466 no
850 417 1081 470 saunnuuro.
1196 406 1240 467 45

225 555 312 641 Ipsa
326 578 407 624 suos
424 566 533 626 armat
548 560 725 626 clamantis
738 561 882 627 buccina
896 561 1015 628 Pauli:

229 657 320 738 Qum
335 662 488 745 prudenti
505 663 585 726 olim
600 662 723 726 cecinit
738 661 939 727 Prudentius
954 683 1019 728 ore.

412 813 509 878 Beda
522 813 606 876 libro
621 811 663 876 de
679 812 807 877 ratione
822 813 972 877 metrica.

184 928 332 994 Metram
346 929 526 996 iambicum
542 931 709 995 senarium
723 930 847 1013 recipit
861 931 1010 995 iambum
1026 932 1114 996 locis
1129 933 1235 998 omni-

140 1033 215 1110 hus,
229 1039 351 1116 praeter
365 1034 595 1110 novissimum,
610 1033 817 1116 spondaeum,
840 1032 1019 1117 dactylum,
1034 1041 1069 1098 et
1082 1054 1236 1120 anapaes-

139 1141 209 1198 tum
224 1133 310 1199 loois
325 1133 523 1218 imparibus,
537 1132 757 1217 pyrrhichium
772 1133 852 1199 loco
864 1139 991 1200 tantum
1007 1137 1144 1218 ultimo;
1166 1157 1235 1221 quo

137 1235 368 1300 nobilissimus
380 1234 619 1319 Hispaniarum
633 1236 856 1301 scholasticus
866 1234 1022 1304 Aurelius
1032 1239 1233 1305 Prudentius

138 1333 293 1402 Clemens
307 1337 442 1421 scripsit
453 1339 653 1422 prooemium
669 1337 959 1422 Psychomachiae.

223 1486 246 1550 J
248 1505 375 1551 oannes
391 1485 583 1552 [rudovicus
598 1485 706 1550 Vives
723 1486 767 1551 de
781 1487 979 1553 Christianae
1001 1487 1146 1556 loeminae

559 1581 703 1653 institui.
717 1589 775 1653 lib.
788 1606 813 1652 1.
946 1657 949 1671 Ι

181 1705 301 1788 Neque
317 1727 396 1772 vero
419 1707 528 1792 politis
551 1708 693 1783 carebit.
717 1709 746 1772 si
763 1708 918 1794 capiatur
938 1709 1098 1774 numeris.
1140 1710 1231 1777 Ade-

135 1815 213 1872 runt
226 1807 441 1886 Prudentius,
456 1809 593 1886 Arator,
609 1808 768 1893 Prosper,
787 1808 970 1889 Juvencus,
986 1811 1158 1890 Paulinus,
1173 1814 1231 1896 qui

134 1928 200 1974 non
215 1911 354 1974 multum
368 1910 513 1996 antiquis
527 1909 726 1975 concedant.
772 1910 926 1976 Inveniet
940 1911 1092 1994 profecto
1106 1915 1139 1978 in
1154 1934 1231 1979 auc·

134 2011 264 2076 toribus
286 2011 376 2077 lectu
391 2012 595 2094 dignissimis
609 2013 720 2076 omnia
734 2012 899 2090 acutiora,
914 2014 1078 2096 pleniora,
1094 2016 1231 2099 majoris

135 2119 168 2178 et
182 2115 331 2178 certioris
356 2117 549 2200 voluptatis,
576 2121 713 2199 pastum
737 2115 880 2200 denique
906 2116 1008 2180 animi
1027 2116 1235 2199 jucundissi-

133 2235 246 2282 mum:
268 2236 346 2302 quae
362 2220 473 2283 omnia
488 2226 558 2281 tum
574 2219 655 2283 vitae
671 2218 813 2300 prosint,
829 2223 895 2282 tum
911 2217 1058 2282 animum
1073 2224 1230 2282 mentem-

21 2359 22 2364 κ
138 2337 203 2400 que
218 2319 302 2386 mira
316 2320 543 2385 delectatione
557 2318 771 2403 perfundant.

217 2471 319 2537 Joan.
341 2472 463 2537 Franc.
487 2471 591 2537 Picus
609 2468 813 2547 Mirandule,
826 2469 869 2533 de
890 2468 1005 2534 studio
1020 2468 1144 2535 divium

421 2577 456 2637 et
470 2572 622 2638 humanas
639 2572 860 2656 philosophia
874 2588 900 2636 1.
914 2570 946 2635 6.

176 2690 236 2755 Da
250 2690 330 2754 mihi
344 2690 453 2755 mum
468 2690 640 2757 voluntate
654 2690 742 2755 bene
757 2690 930 2769 instituta3
954 2692 1011 2773 qui
1025 2692 1174 2756 carmina
1187 2692 1229 2756 de

132 2794 235 2857 rebus
257 2792 448 2858 Christiano
467 2793 523 2859 uel
539 2792 724 2871 credendis,
740 2792 793 2855 vel
809 2791 996 2876 sperandis,
1011 2791 1065 2857 uel
1090 2813 1228 2876 operan-

132 2892 184 2958 dis
200 2892 375 2960 conficiat:
406 2902 535 2961 tanturn
559 2895 666 2973 abest,
690 2901 726 2960 ut
749 2893 912 2972 damnem,
927 2899 985 2958 aut
1000 2912 1169 2971 accusem,
1191 2902 1226 2959 ut

131 2995 231 3061 etiam
246 3016 444 3080 magnopere
453 3005 553 3075 tuter,
567 2996 708 3073 landem,
720 3014 861 3070 venerer,
874 3004 908 3059 et
918 2995 1109 3079 amplectar.
1132 2994 1227 3073 Qua·

129 3098 178 3163 les
193 3097 285 3182 apud
300 3105 426 3164 veteres
440 3106 572 3165 nostros
581 3098 673 3162 luere
685 3096 902 3176 Prudentius,
915 3096 1085 3174 Sedulius,
1101 3096 1227 3161 Dama-

130 3216 199 3279 sus,
217 3200 342 3284 aliique
357 3202 516 3266 nonnulli.

172 3348 336 3415 Erasmus
352 3350 569 3418 Roterodam.
584 3351 628 3416 de
642 3352 756 3435 pueris
769 3348 948 3415 liberaliter
961 3347 1181 3413 instituendis.

171 3466 196 3532 J
198 3487 254 3531 am
271 3468 301 3532 si
317 3470 391 3551 quis
406 3468 747 3548 Prudentium,unum
761 3467 849 3532 inter
865 3465 1072 3532 Christianos
1084 3485 1160 3531 vere
1176 3463 1224 3529 sa-

130 3568 275 3634 cundum
289 3568 436 3652 poetam,
451 3573 721 3651 volet.enerrare;
742 3571 860 3635 literas
883 3570 984 3634 etiarn
997 3588 1141 3633 maanes
1157 3568 1225 3631 cal-

131 3671 202 3738 leat
216 3678 359 3756 oportet.
