3034 4900
581 365 740 416 AURELH
766 356 975 414 PRUDRNTH

492 513 670 595 Sequimur
679 516 735 576 tua
749 509 852 585 dieta,
867 506 1061 584 Redemtor,

455 613 586 694 Quibus
600 621 671 678 atro
685 633 704 676 e
719 615 823 675 morte
836 610 1052 692 triumphare,

451 717 526 782 Tne
540 735 601 801 per
615 715 753 797 uestigio
769 711 911 776 mandas

454 819 589 885 Socium
605 817 712 882 crucis
726 817 772 878 ire
785 815 958 878 latronem.

496 920 596 984 Petet
610 935 690 982 eece
703 915 860 980 fidelibus
874 914 977 997 ampli

409 1064 411 1068 v
453 1020 521 1087 Via
534 1018 647 1085 lucida
656 1018 727 1102 jam
742 1014 902 1105 paradisi,

454 1123 549 1188 Licet
563 1129 597 1187 et
609 1139 725 1186 nemus
739 1117 821 1183 illud
837 1117 943 1194 adire,

457 1225 599 1290 Homini
612 1223 701 1307 quod
716 1220 884 1286 ademerat
896 1221 1023 1302 anquis.

502 1327 588 1403 lilio,
603 1343 732 1408 precor,
748 1321 877 1405 optime
892 1320 1023 1396 ductor,

456 1427 631 1492 Femulem
646 1425 709 1490 tibi
723 1424 871 1508 praecipe
886 1430 1029 1491 mentem

457 1529 607 1596 Genitali
626 1529 661 1592 in
677 1527 757 1592 sede
773 1526 910 1603 sacrari,

460 1631 573 1710 Quam
587 1632 727 1714 liquerat
741 1629 819 1694 exul
833 1635 868 1693 et
883 1645 1007 1692 errans.

502 1733 577 1798 Nos
592 1740 685 1798 tecta
698 1731 886 1797 fovebimus
901 1747 981 1792 ossa

460 1834 574 1899 Violis
589 1842 624 1898 et
637 1832 753 1897 fronde
766 1829 950 1913 frequenti:

433 1997 434 2000 ,
458 1936 673 2019 Titulumque
687 1941 722 2000 et
734 1933 856 2016 frigide
870 1950 957 1996 saxa

460 2036 608 2121 Liquido
624 2019 820 2120 spargemus
833 2033 944 2099 odore.

246 2176 316 2237 desa,
326 2173 441 2224 eredimus
451 2171 499 2222 beia
512 2172 592 2234 dietis,
608 2170 691 2234 quidm
706 2174 735 2220 tu
751 2169 778 2219 a'a
794 2183 861 2218 arara
876 2166 1023 2231 νίψω
1035 2167 1064 2216 da
1079 2171 1153 2218 raom
1162 2161 1339 2227 mchbdoe

246 2243 361 2292 armen
381 2238 487 2288 comtum
502 2237 577 2286 σιὼ
593 2236 658 2298 sequti
676 2240 719 2284 tao
737 2232 845 2296 uestigia.
878 2233 939 2282 Ecce
950 2231 1005 2294 jasa
1015 2231 1062 2280 iter
1071 2231 1178 2280 iamai
1186 2230 1291 2294 paradisi
1302 2235 1338 2280 eat

246 2303 389 2368 patefactura
401 2301 555 2362 Christianis,
563 2305 587 2350 et
592 2300 635 2361 fos
650 2304 684 2348 ert
701 2299 737 2348 ire
747 2297 773 2347 ia
784 2299 873 2362 spiras,
881 2296 965 2360 quibas
974 2298 1065 2344 doma
1075 2295 1213 2359 melianum
1223 2293 1338 2346 beina

246 2371 350 2432 peceato.
383 2367 406 2414 0
416 2365 472 2415 boae
482 2366 557 2428 Deae,
564 2378 646 2427 precor
656 2363 771 2422 etjabsua
778 2362 882 2410 aninam
891 2361 937 2409 tibi
947 2361 1142 2422 obtemperantem
1151 2360 1200 2409 turc
1208 2359 1338 2410 maseerara'

249 2427 331 2481 stetin
342 2432 390 2481 ioco
401 2430 510 2492 aetati,o
522 2445 566 2493 qao
577 2428 665 2477 exalet
677 2425 813 2489 vagabundo
832 2424 979 2475 docueras.
1013 2423 1066 2473 Nos
1075 2423 1205 2485 sambiam
1222 2424 1297 2481 uioiis.
1314 2429 1340 2475 er

247 2494 468 2624 wewam
478 2496 578 2559 maur,
588 2498 612 2545 et
622 2506 757 2557 spargemus
773 2490 861 2555 liquido
870 2491 940 2539 odore
950 2488 1101 2554 epitaphium
1116 2495 1140 2539 et
1152 2489 1272 2552 frigidata
1279 2488 1340 2553 iapi-

707 2632 838 2654 ΟΜΝ
841 2632 885 2653 ue

251 2736 361 2799 naue,
378 2734 419 2798 qna·
436 2741 461 2785 er
480 2734 676 2786 samm-rso
692 2741 746 2785 ora
764 2740 840 2785 me
857 2734 930 2784 ar.
949 2734 997 2799 ng.
1017 2732 1050 2782 a.
1062 2732 1096 2782 n.
1113 2730 1189 2782 neat.
1208 2731 1341 2794 mm

250 2800 397 2851 Pub-1⁵9
419 2803 532 2850 madeus
557 2799 716 2851 Boot-loe
745 2800 813 2849 iilud
839 2799 953 2849 Aetia
980 2798 1052 2847 adore
1073 2796 1122 2849 lio.
1144 2796 1198 2845 Ait.
1219 2796 1294 2845 Bodt.
1313 2796 1342 2856 iq

250 2878 331 2929 marg.

740 2944 849 2996 NOTAE

250 3042 390 3105 ignoratur.
423 3040 569 3105 Nonnullis,
580 3048 609 3091 ut
617 3039 706 3091 scribit
714 3040 776 3091 Dio·
816 3048 978 3105 terrestrem,
988 3042 1128 3106 hortosque
1148 3040 1341 3103 amarissimos,

251 3117 338 3178 nysius
349 3117 544 3181 carthusianus,
563 3116 690 3167 Nubelem
705 3116 777 3167 iilum
815 3116 842 3166 in
854 3131 918 3182 quos
928 3117 998 3168 Deus
1015 3113 1142 3167 Adanmur
1156 3116 1342 3177 transtuleram

251 3190 333 3241 foisse
344 3193 453 3258 placuit,
462 3192 658 3260 qoiAbigaiiem
670 3207 777 3243 uxorem
816 3200 846 3242 ut
857 3207 935 3257 snpra
946 3192 1053 3257 ioqnens
1064 3192 1096 3242 de
1105 3191 1162 3242 sinu
1171 3191 1289 3242 Abrabae.

249 3265 348 3329 babuit,
364 3268 500 3334 subitaque
518 3277 602 3319 morta
617 3284 633 3318 a
649 3271 708 3320 Deo
720 3283 777 3334 per·
851 3272 898 3318 169
916 3268 977 3332 Nos]
1001 3270 1040 3318 Eo
1058 3268 1116 3318 ioco
1139 3268 1294 3317 Prudentius
1309 3250 1343 3316 iu

250 3342 461 3395 eusaasinteriit.
494 3357 513 3395 1.
525 3346 589 3407 Reg.
607 3350 647 3396 25.
680 3346 778 3409 Eutby·
818 3346 936 3395 omnibns
951 3351 1055 3394 secutos
1069 3351 1111 3395 ert
1134 3342 1279 3409 Virgilium,
1299 3341 1343 3408 qni

251 3418 316 3466 mins
328 3431 389 3468 vero
407 3418 540 3468 Nineusim
557 3421 681 3486 appellat,
701 3426 778 3485 atque
817 3420 909 3485 Eciop.
929 3434 955 3469 v.
973 3421 1063 3484 iugens
1074 3419 1197 3485 Daphnin
1212 3429 1341 3484 pretorem

251 3493 386 3543 contendit
411 3501 439 3544 et
465 3492 571 3547 divitem
599 3502 627 3545 et
653 3496 777 3545 Lanarum
817 3496 1344 3561 mortuum‚birversiboadeolarat‚qoa·

251 3584 335 3634 prope
347 3570 373 3619 id
385 3576 487 3635 ternpus
496 3572 595 3637 vixisse,
603 3586 653 3636 quo
662 3571 779 3622 cbristus
818 3588 877 3622 nam
905 3573 956 3635 ipsi
990 3573 1113 3637 parandas
1139 3574 1191 3623 rint
1219 3574 1343 3639 exequiae.

251 3647 278 3697 iu
290 3648 366 3696 terris
378 3647 544 3699 versabatur:
563 3662 593 3697 ac
605 3648 707 3698 cbristo
719 3663 779 3697 oon·
817 3648 954 3712 ‘Spargite
964 3649 1067 3698 bornum
1077 3648 1277 3713 foliis,indneite
1288 3649 1344 3698 fon-

252 3720 779 3789 oiouanteeosinissesnperstitea‚qoidi·
819 3724 886 3773 tibus
906 3724 1009 3774 umbras
1027 3724 1271 3785 Pastorrs,maodat
1288 3724 1345 3774 fieri

252 3798 301 3848 riti
311 3798 486 3862 adherebant,
502 3812 546 3849 eos
557 3799 636 3848 etiarn
648 3800 691 3864 qui
703 3800 779 3849 Lara·
819 3800 869 3850 sibi
876 3802 938 3851 taiia
946 3802 1074 3867 Daphnis,
1083 3804 1118 3852 Et
1125 3802 1249 3850 tumulum
1257 3800 1345 3863 facite,

252 3887 297 3923 ror
319 3876 446 3941 siquidem
458 3876 507 3940 iliis
525 3881 659 3936 terrorem,
668 3876 707 3925 bis
718 3891 779 3926 eon·
818 3883 847 3925 et
858 3880 955 3928 tinnulo
963 3876 1128 3941 superaddite
1140 3874 1262 3928 carmen!
1292 3876 1345 3929 Qui

254 3950 404 4001 solationem
416 3952 465 4003 bse
477 3952 624 4002 narratione
639 3952 721 4002 voluit
731 3954 778 4003 im·
820 3953 934 4018 plurade
943 3954 1043 4004 ratione
1052 3952 1163 4015 eorporis
1172 3950 1345 4003 humandieu·

252 4024 492 4079 mitteracbrbtns.
523 4026 564 4079 De
581 4042 612 4077 eo
633 4024 680 4078 ini.
703 4029 780 4093 plura
819 4028 858 4096 pit
870 4029 996 4090 ediscere,
1005 4028 1081 4078 adeat
1089 4025 1345 4082 NatalemComiteat

253 4096 375 4151 dicemus.
818 4117 838 4155 1.
851 4103 1254 4156 tt.desserifieiisnrortuoruro.

288 4176 333 4222 tot
352 4176 451 4241 Nemus]
468 4178 570 4230 Aliudit
588 4178 620 4230 ad
631 4179 778 4245 paradisum
