3034 4900
490 390 673 441 ursroars
696 391 900 442 unnnsurs.
1176 383 1242 452 437

143 517 264 610 pugnat
276 540 401 605 tautum,
415 533 496 612 quod
518 552 578 594 uon
596 544 747 615 separaret
765 535 831 595 Filii
854 553 1011 614 personam
1025 555 1043 598 a
1057 535 1154 598 Patris
1175 555 1241 618 per·

145 645 233 687 sona.

574 806 621 853 ott
645 807 801 855 tUnAEts.

145 936 248 996 Licus
261 936 360 995 Judsei
375 956 435 996 non
454 937 514 998 siut
532 939 645 1019 proprie
659 940 804 1010 haeretici,
819 940 909 1000 nihilo
930 951 1027 1001 tamen
1041 942 1147 1013 minus,
1163 953 1239 1004 testa

145 1032 225 1092 Divo
237 1033 350 1092 Tborna
360 1037 410 1094 22.
424 1048 530 1116 quaest.
545 1055 627 1094 caus.
638 1037 669 1095 9.
685 1039 769 1096 artic.
781 1038 812 1096 6.
844 1037 863 1096 J
866 1036 1014 1098 udaeorum
1026 1036 1196 1110 infidelitas,
1210 1049 1241 1100 et

142 1129 334 1187 contumacia
354 1139 454 1207 potest
480 1129 537 1190 dici
561 1132 693 1202 haeresis,
714 1131 743 1190 iu
763 1151 799 1191 eo
821 1132 901 1210 quod
924 1132 1101 1192 Christianae
1123 1131 1191 1192 fidei
1210 1135 1240 1193 iu

144 1223 242 1302 ligura
256 1238 405 1304 suscepte
422 1227 540 1286 omuino
554 1229 705 1287 renitatur.
748 1227 816 1295 Quo
830 1229 872 1298 fit,
888 1237 921 1286 ut
935 1227 1028 1286 Divus
1043 1229 1239 1307 Augustinus,

144 1319 176 1376 iu
199 1338 333 1379 sermone
357 1320 499 1384 adversus
527 1322 657 1401 quinque
677 1323 817 1394 hoereses,
841 1321 964 1383 Judaeos
988 1323 1062 1382 inter
1083 1322 1238 1384 hsareticos

144 1424 248 1492 ponat.
291 1414 443 1474 lateralia
463 1417 686 1496 quamplurima,
702 1418 775 1477 illud
797 1419 944 1497 precipue
959 1419 1070 1490 volunt,
1085 1418 1237 1478 Christum

145 1528 206 1568 non
226 1527 293 1568 esse
306 1527 417 1579 serum,
431 1520 461 1569 et
482 1521 587 1570 natura
608 1512 715 1584 Deum,
730 1513 783 1573 sed
800 1513 958 1586 bominem,
972 1511 1168 1585 seductorem,
1183 1509 1239 1572 t'al-

145 1623 212 1664 sum
231 1603 424 1684 Prophetam;
447 1603 594 1684 aliumque
614 1607 766 1680 Moesiam,
790 1609 818 1667 in
841 1609 908 1688 lege
920 1609 1106 1688 promissum,
1128 1625 1234 1688 expec-

146 1707 225 1762 tant.

498 1864 547 1911 BR
570 1865 892 1914 uottutt'ttotttTtS.

145 1997 323 2056 Anvsasos
338 1992 462 2053 Paulum
484 1995 720 2070 samosatenum,
732 2018 751 2058 a
764 1999 859 2078 patria
873 2001 916 2059 sic
940 1998 1063 2070 dietum,
1078 1999 1239 2060 Samosatis

145 2091 311 2162 oriundum,
324 2090 433 2174 quique
453 2091 491 2149 ab
512 2111 627 2150 summa
646 2103 779 2171 egestate
795 2093 834 2160 ad
848 2092 1041 2152 Antiochense
1063 2091 1143 2152 sedis
1156 2092 1239 2152 fasti·

145 2187 227 2267 ςὶιιιιι
246 2195 403 2265 provectus
428 2185 617 2247 Demetriauo
640 2187 794 2261 successit,
808 2187 982 2266 imperatore
1003 2187 1153 2260 Gallieno,
1167 2187 1239 2266 agit,

145 2283 203 2341 nisi
216 2281 312 2353 fallor,
325 2281 514 2343 Prudentius.
556 2283 637 2344 Licet
650 2285 727 2344 enim
740 2283 820 2343 circa
837 2301 946 2342 annum
968 2281 1086 2342 Domini
1101 2283 1150 2341 80.
1171 2283 1238 2343 Tito

145 2378 317 2459 imperante,
331 2377 519 2438 etAnacleto
540 2399 685 2441 summurn
700 2381 844 2440 Romanas
866 2379 1009 2439 Ecclesiae
1032 2377 1238 2440 Pontificatum

145 2485 263 2555 agente,
279 2474 432 2547 Ebionitoe,
447 2476 609 2554 aquodam
632 2476 744 2538 Ebione
766 2477 919 2549 nominati,
934 2475 1112 2536 asseruerint
1127 2494 1163 2533 ex
1177 2475 1239 2534 viro

146 2582 176 2632 et
189 2572 310 2631 muliere
323 2580 425 2630 uatum
443 2590 510 2632 esse
531 2572 691 2645 Christum,
706 2573 858 2652 solamque
882 2581 1016 2631 naturam
1032 2570 1170 2629 babuisse
1184 2569 1239 2630 hu·

145 2686 281 2736 manam;
302 2678 400 2728 tamen
423 2664 547 2749 hujusce
566 2668 670 2728 erroris
696 2653 833 2748 princeps
854 2677 885 2729 st
908 2676 1012 2727 auctor
1032 2665 1174 2726 dicendus
1194 2677 1241 2726 est

146 2762 257 2824 Paulus
272 2766 496 2837 Samosatenus,
510 2764 560 2842 qui
578 2761 657 2823 hune
678 2762 854 2823 instaurarit
868 2772 898 2821 et
921 2760 1093 2820 nobilitavit.
1137 2760 1239 2819 Chris·

144 2868 207 2920 tam
221 2864 308 2934 enim,
319 2873 353 2922 ut
361 2862 424 2942 jam
438 2861 534 2921 dicere
547 2860 634 2939 coepi,
648 2862 802 2919 asserebat
814 2858 961 2917 hominem
976 2874 1041 2916 esse
1057 2874 1179 2928 merum,
1188 2856 1240 2934 qui

146 2976 164 3017 a
186 2958 281 3018 Maria
303 2968 362 3017 tam
388 2954 541 3035 regnandi,
562 2973 651 3035 quam
674 2954 792 3015 vivendi
815 2954 969 3013 sumsisset
996 2949 1129 3019 initium:
1150 2970 1239 3029 quem

144 3064 244 3113 tamen
256 3054 352 3113 Deum
367 3053 553 3113 nominabat:
575 3051 605 3110 in
620 3070 679 3129 quo
698 3052 846 3131 discrepat
860 3051 897 3109 ab
913 3046 1067 3107 Ebionitis.
1109 3044 1155 3104 lta
1169 3048 1239 3105 scri-

145 3151 188 3209 hit
196 3150 375 3208 Athanasius
389 3148 420 3207 in
433 3149 508 3207 libro
522 3146 561 3207 de
572 3146 694 3207 salutari
708 3148 858 3207 adventu:
880 3152 889 3180 ‘
905 3143 1015 3203 Paulus
1027 3142 1239 3200 Samosateuus

147 3246 244 3305 Deum
257 3264 294 3305 ex
308 3244 429 3323 Virgine
452 3243 618 3314 confitetur,
634 3241 732 3302 Deum
747 3240 884 3301 Nazareti
905 3241 935 3300 in
956 3240 1051 3298 lucem
1074 3235 1198 3309 editum,
1209 3248 1240 3297 et

146 3340 216 3401 inde
228 3338 373 3401 existendi
387 3338 586 3417 primordium,
598 3338 738 3418 regnique
751 3346 954 3398 consecutum.
996 3334 1125 3395 Verbum
1141 3344 1239 3393 tamen

145 3438 251 3497 efficax
266 3456 283 3495 e
296 3436 383 3506 coelo,
402 3446 434 3494 ct
457 3433 630 3513 sapientiam
653 3436 683 3493 in
705 3434 810 3494 eodem
830 3433 975 3513 agnoscit,
995 3451 1030 3491 ac
1047 3430 1240 3511 praedestina·

146 3534 228 3593 tione
242 3530 361 3609 quidem
377 3538 446 3589 ante
460 3528 572 3589 secula
585 3530 676 3589 fuisse
687 3539 783 3608 putat,
792 3528 846 3589 scd
858 3527 993 3587 Nazareti
1005 3527 1127 3604 primum
1141 3535 1240 3586 extare

145 3628 289 3707 coepisse:
310 3638 344 3685 ut
357 3642 446 3696 nous,
459 3624 565 3701 lnquit,
579 3643 734 3703 supremus
748 3624 788 3682 sit
802 3624 898 3707 Deus,
912 3621 1020 3681 Pater.'
1062 3623 1240 3699 Quanquam

145 3742 206 3785 uon
230 3720 316 3781 simul
330 3731 419 3797 atque
432 3728 480 3777 est
499 3718 607 3790 editus,
624 3719 721 3779 Deum
741 3719 823 3778 illum
844 3718 936 3777 luisse
956 3715 1094 3789 credidit,
1109 3724 1118 3751 ‘
1134 3716 1239 3776 sodex

145 3819 279 3901 proiectu
294 3815 409 3876 virtutis
423 3813 519 3873 Deum
534 3834 599 3875 esse
613 3814 743 3885 lactum,’
758 3824 791 3873 ut
805 3812 874 3872 alibi
895 3810 972 3871 idem
987 3812 1086 3875 refert.
1129 3812 1241 3871 Contra

145 3936 214 3977 eum
227 3914 321 3991 prima
333 3908 499 3997 Antiochia)
519 3908 652 3987 synodus
672 3921 720 3968 est
733 3908 835 3967 habita
848 3907 902 3966 sub
921 3924 1029 3964 annum
1045 3903 1155 3963 Christi
1170 3908 1240 3967 260.

145 4010 194 4073 oui
215 4005 401 4067 firmilianus
422 4003 624 4075 Caesariensis,
649 4002 810 4080 Gregorius
836 3998 1096 4071 Neocoesarieusis,
1120 4010 1151 4061 et
1176 4001 1240 4080 ejus

145 4108 236 4167 frater
249 4100 458 4162 Athenodorus
472 4098 676 4160 interfuerunt.
719 4096 780 4157 Sed
794 4108 855 4157 tum
866 4094 992 4157 subdola
1002 4095 1240 4175 tergiversatione

152 4202 273 4263 Petrum
287 4195 387 4261 studia
400 4194 512 4257 Paulus
527 4193 625 4253 elusit.
667 4194 778 4254 Postea
791 4212 860 4255 vero
874 4191 966 4254 altero
985 4192 1016 4251 in
1031 4190 1164 4257 Concilio
1178 4196 1240 4255 Au·
