3034 4900
245 373 288 442 20
686 395 893 445 consumo.

246 537 367 604 Beda¹
391 537 635 604 nobilissimum
659 539 901 624 Hispaniarum
915 542 1159 609 scholasticum
1172 546 1255 627 dlci3
1280 556 1332 614 at·

247 661 313 724 que
326 642 390 706 boc
405 641 569 725 antiquior
590 641 630 704 B.
651 641 774 707 Avitus
797 643 998 709 Viennensis
1021 642 1180 724 Antistcs,
1202 654 1237 713 et
1258 650 1334 732 ipso

251 742 383 828 poiitiea
407 742 505 808 laude
527 743 790 821 commendatus,
811 744 845 807 iu
867 743 1029 810 Poiimate
1054 748 1333 814 v1.delaudibus

245 844 467 925 Virginitatis,
482 852 560 926 post
574 845 677 912 multa
688 865 764 927 quae
780 844 820 908 de
834 844 1025 912 Virtutibus
1038 851 1207 930 tractauit,
1216 850 1334 916 laudat

243 944 416 1011 Prudentii
429 945 730 1029 Psycbomacbiam
744 948 796 1017 his
811 949 984 1014 verubus:

328 1080 405 1146 Has
420 1081 551 1147 virtutis
567 1102 661 1166 opes,
675 1085 749 1150 haec
765 1085 811 1148 sit
824 1084 945 1150 solatia
959 1085 1048 1162 belli,

330 1181 532 1248 Describens
547 1185 667 1250 mentis
682 1186 794 1250 varias
810 1206 885 1251 cum
899 1205 1039 1268 corpore
1053 1205 1182 1269 pugnas

324 1284 487 1350 Prudenti
502 1285 669 1369 quondam
684 1289 805 1354 cecinit
819 1288 1018 1353 Prudentius
1029 1307 1096 1351 ore.

243 1505 246 1512 ,
285 1435 384 1503 Mitto
400 1455 445 1502 ex
458 1435 579 1501 iisdem
596 1439 762 1504 veteribus
789 1439 824 1503 S.
839 1439 1045 1522 Prosperum
1070 1439 1105 1502 in
1119 1435 1295 1517 Chronico,
1310 1458 1333 1504 a

241 1538 523 1627 Pithaeqeditnm,
548 1541 614 1603 sub
640 1559 696 1605 au.
712 1555 752 1602 11.
778 1538 918 1605 Arcadii
941 1545 977 1604 et
991 1538 1146 1616 Honorii,
1161 1538 1331 1605 Theodul·

239 1640 343 1724 pbnm
358 1625 629 1718 A'urelianensom
653 1657 705 1703 1v.
722 1642 765 1717 5.,
787 1641 952 1724 aliosque,
975 1641 1132 1723 pietatem
1153 1658 1227 1706 cum
1250 1641 1330 1706 doc·

243 1743 331 1806 trine
357 1740 573 1823 conjunctam
595 1741 777 1805 Prudentio
813 1741 1008 1818 tribuentes,
1038 1742 1179 1825 ejusque
1209 1740 1329 1824 poesin

240 1845 367 1929 passim
383 1842 601 1909 celebrantes.
645 1842 813 1906 Sedenim
837 1861 902 1905 non
917 1841 1007 1905 aliud
1024 1843 1238 1906 recentiorum
1255 1843 1329 1923 qui-

238 1965 302 2030 que
323 1944 507 2010 doctissimi
531 1942 571 2006 de
595 1962 637 2007 eo
664 1943 809 2006 tulerunt
828 1942 1006 2026 judicium.
1050 1943 1152 2006 Petro
1175 1942 1328 2021 Crinito,t

238 2046 406 2124 Gitanas
420 2045 651 2120 Bellarmino,⁵
667 2042 842 2107 Prudentii
855 2046 1001 2108 carmina
1019 2044 1227 2125 gravissima,
1242 2063 1328 2126 prae·

237 2149 461 2224 sicutissime,
487 2147 618 2228 egregia
644 2150 729 2212 sunt.
775 2144 815 2209 ln
838 2146 1065 2226 Scaligeriana
1084 2165 1116 2210 n.
1130 2145 1181 2210 51.
1196 2146 1328 2226 elegan-

237 2251 360 2316 tissimi
383 2247 503 2314 Poeta
525 2249 656 2311 nomine
680 2246 880 2312 Prudentius
899 2247 1089 2310 decoratur:
1111 2245 1209 2308 Joan.
1226 2244 1327 2308 Card.

237 2352 333 2416 Bona
348 2346 528 2414 Pindarum
543 2345 768 2412 Christianum
789 2367 864 2411 eum
880 2351 983 2410 vocat
1008 2345 1261 2409 ‘dulcissimum
1283 2363 1326 2410 ac

235 2450 530 2540 prudentissimum
543 2445 665 2512 Christi
677 2446 797 2513 Vatem
811 2447 831 2513 :’
846 2446 991 2524 demum,
1003 2454 1040 2509 ut
1049 2458 1181 2511 ceteros
1196 2447 1325 2525 sileam,

237 2553 384 2617 eruditus
408 2549 521 2614 Niccl.
545 2546 733 2612 Antonins⁶
761 2547 972 2611 Pmdcntium
995 2553 1142 2612 nostrum
1167 2547 1325 2613 Juvenco

235 2652 498 2737 praetereaque
514 2670 537 2729 a
551 2649 591 2714 cl.
611 2648 635 2714 J
637 2669 669 2713 o.
692 2646 772 2713 Ant.
794 2648 936 2732 Vulpio,
961 2648 1145 2715 Commeat.
1159 2651 1194 2713 in
1210 2647 1326 2715 Catul-

239 2753 328 2818 lum:
363 2750 499 2816 ‘Poiita
521 2771 584 2815 suo
600 2752 724 2816 saeculo
748 2751 867 2835 major,
888 2752 1109 2829 cultissimus,
1124 2771 1165 2816 ae
1179 2757 1325 2815 veterum

236 2854 475 2940 elegantiarum
511 2853 800 2917 studiosissimus’
834 2853 964 2917 dicitur.
1017 2853 1104 2918 Post
1130 2851 1204 2917 baec
1239 2852 1325 2917 nibil

235 2957 333 3039 plane
355 2973 465 3018 moror
486 2954 647 3036 quidquid
672 2952 736 3017 Lil.
760 2953 928 3027 Giraldus,
950 2952 1129 3035 Rapinius,
1153 2952 1324 3034 Dupinius

234 3058 275 3121 ad
297 3054 491 3121 elevandam
514 3052 634 3118 Poetae
657 3054 759 3118 nostri
780 3054 903 3116 samam
929 3053 1082 3119 dixerint.
1126 3052 1208 3118 Esto
1224 3055 1259 3117 iu
1279 3055 1324 3118 iis

232 3177 309 3243 quae
324 3158 408 3253 styli
415 3156 600 3219 castitatem
612 3156 886 3238 nobilitatemque
894 3162 1061 3239 spectant,
1074 3155 1231 3230 Horatio,
1243 3153 1323 3218 Vir·

232 3258 322 3339 gilio,
346 3257 529 3338 ceterisque
551 3256 644 3321 aurei
668 3256 785 3321 saeculi
809 3255 963 3335 Vatibus,
986 3256 1120 3321 inferior
1145 3254 1321 3335 eliquanto

230 3359 337 3435 inerit,
352 3359 441 3422 acin
460 3358 601 3422 vocibus
623 3358 816 3439 peregrinis,
830 3358 978 3421 maxime
998 3356 1140 3434 Graecis,
1154 3355 1322 3421 interdum

230 3462 331 3524 etiam
344 3460 553 3546 peccaverit3
573 3460 651 3523 ideo
666 3479 707 3522 ne
722 3461 895 3542 plumbens
910 3460 1067 3524 continno
1081 3456 1241 3523 dicendus
1255 3464 1321 3536 est,

232 3562 414 3643 inelegans,
428 3560 674 3625 infructuosusl
709 3561 830 3625 Nonne
852 3562 941 3624 bunc
964 3558 1240 3644 qualemcumque
1263 3557 1321 3621 de-

230 3664 363 3740 sectum,
378 3664 412 3727 in
426 3662 666 3727 Ecclesiastico
681 3664 863 3746 prasertim
875 3662 1055 3744 Scriptore,
1068 3660 1157 3725 nullo
1171 3659 1247 3723 loco
1259 3658 1321 3724 ba·

229 3764 382 3841 bendum,
397 3762 662 3846 exquisitissima
677 3783 752 3827 cum
768 3782 864 3827 sacra
878 3782 955 3827 cum
973 3760 1111 3843 profanu
1124 3758 1319 3837 eruditione,

231 3866 460 3931 sententiarum
474 3866 645 3947 gravitate,
668 3884 775 3932 rerum
797 3863 838 3928 de
860 3864 982 3948 quibus
1002 3862 1073 3943 egit
1086 3860 1261 3926 sanctitate
1276 3880 1318 3923 ac

262 4048 278 4092 2
295 4043 338 4091 De
350 4042 414 4092 Arte
426 4046 533 4095 metrica
545 4046 607 4096 circ.
619 4044 663 4097 tin.
825 4048 839 4091 ⁵
858 4041 901 4089 De
913 4040 1010 4103 Script.
1023 4039 1094 4089 Eccl.

263 4122 278 4165 ³
295 4117 335 4167 De
347 4117 423 4167 Poit.
432 4118 488 4168 Lut.
501 4133 525 4171 c.
538 4133 583 4170 xc.
823 4123 840 4167 6
856 4116 926 4167 Bibl.
937 4116 1015 4178 nup.
1024 4116 1069 4167 lib.
1079 4126 1119 4165 ιι.

263 4197 279 4243 t
295 4192 380 4243 indic.
393 4194 496 4244 bucret.
507 4208 533 4258 p.
544 4199 602 4245 4⁹⁹.
