3034 4900
618 383 779 434 svaran
803 385 1018 438 rnunusrlt

491 525 611 592 Christi
625 547 716 594 reum
731 527 959 610 Prudentinm,

489 629 535 694 Et
548 629 743 696 servientem
758 631 890 716 corpori

490 729 641 798 Absolve
655 733 774 798 vinclis
788 733 919 798 saeculi.

276 942 1368 1020 muwommuumumuaommma

279 1008 652 1075 mathomum

713 1774 928 1824 Anuortfflo

577 2025 617 2074 ΙΝ
642 2025 814 2076 ΗΥΜΝΙΙΜ
837 2025 1076 2088 saeuiturum.

277 2284 358 2354 Qun
382 2282 437 2341 sub
459 2278 507 2340 die
531 2276 647 2339 decima
669 2277 842 2340 Decembris
865 2277 944 2360 apud
958 2278 1078 2351 Batiam,
1093 2276 1273 2350 Usuardum,
1286 2278 1367 2338 Ado·

276 2399 355 2449 neru,
367 2377 499 2456 aliosque
514 2375 698 2455 reperiuntur
712 2376 744 2434 S.
758 2375 883 2434 Eulaliae
895 2374 1083 2436 Emeritensis
1096 2375 1180 2457 Virg.
1194 2386 1225 2437 et
1241 2374 1365 2459 Martyr.

276 2480 364 2550 Acta,
378 2476 402 2535 si
416 2492 475 2534 non
490 2474 599 2554 spuria,
623 2470 722 2531 (lubia
741 2472 846 2538 saltatu
868 2470 938 2531 fidei
954 2471 1059 2533 habuit
1073 2474 1258 2547 Ruinartins,
1271 2475 1366 2555 iisque

275 2570 508 2657 praetermissis„
521 2570 613 2631 nitius
637 2567 821 2641 existimavit,
846 2579 1019 2649 sequentem
1041 2568 1193 2630 Prudentii
1216 2571 1367 2651 Hymnunr

275 2671 392 2744 referre,
405 2678 440 2729 ut
453 2678 559 2729 testem
569 2665 647 2727 omni
658 2665 832 2745 exceptione
843 2666 992 2746 majorem.
1034 2664 1166 2727 Isidorus
1180 2666 1367 2747 Hispalensis

276 2770 307 2829 in
323 2766 471 2827 Chronico
483 2784 542 2825 oera
564 2764 637 2823 491.
660 2762 763 2823 scribit
782 2761 997 2824 'l'heodoricum
1018 2763 1144 2825 (iothor.
1160 2764 1272 2843 Regem
1285 2762 1366 2825 ade-

276 2859 440 2944 proedanrla
454 2859 628 2919 Emeriteusi
642 2860 714 2919 urbe
735 2859 768 2919 S.
790 2858 930 2939 Martyris
945 2858 1069 2921 Eulaliae
1086 2861 1229 2941 portentis
1248 2860 1367 2921 deterri·

275 2972 339 3021 tum
357 2946 459 3018 inisse.
501 2954 584 3016 ldern
597 2954 686 3017 refert
697 2954 810 3017 ldatius
824 2955 854 3016 in
869 2954 982 3017 Cliton.
997 2954 1117 3038 Olymp.
1132 2958 1203 3018 309.
1216 2956 1254 3017 da
1267 2968 1367 3038 quaet

277 3057 395 3135 Olymp.
413 3056 482 3115 302.
492 3053 555 3133 jam
569 3066 680 3133 egerat.
724 3052 857 3114 Eandem
868 3052 1029 3133 Martyrem
1040 3054 1191 3116 celebrant
1202 3054 1367 3115 vetustissi-

276 3172 355 3213 mum
375 3151 500 3211 Missale
522 3150 723 3224 Muzarabum,
748 3150 902 3211 Fortunat.
925 3148 977 3212 lib.
993 3170 1072 3211 vrn.
1093 3169 1184 3211 carm.
1198 3154 1228 3213 4.
1243 3152 1365 3233 Gregor.

275 3249 426 3309 Turoucn.
445 3246 497 3307 lib.
524 3266 547 3306 1.
571 3246 617 3306 De
644 3245 726 3307 Glor.
749 3247 914 3327 Martyrum
940 3267 968 3308 c.
996 3265 1067 3307 xes.
1088 3246 1292 3309 Aldelhelruus
1313 3246 1364 3309 lib.

277 3345 324 3405 De
337 3343 422 3404 Glor.
437 3342 578 3422 Virginis,
592 3342 662 3402 Vite
684 3343 715 3401 S.
739 3342 896 3403 Fructuosi
918 3362 945 3404 c.
969 3363 1010 3403 11.
1028 3341 1075 3404 die
1095 3343 1142 3402 16.
1156 3343 1266 3424 Aprilis
1287 3344 1365 3425 apud

277 3439 499 3512 Bollandiauos,
513 3448 543 3499 et
564 3437 613 3497 alii
631 3438 742 3518 passim
757 3440 912 3499 Auctores.
953 3437 1034 3507 Quin
1052 3449 1083 3500 et
1101 3439 1132 3499 in
1144 3440 1260 3502 Missali
1274 3442 1364 3502 Goth.

275 3540 327 3599 lib.
343 3557 398 3599 ιιι.
419 3534 557 3615 liturgiae
572 3532 735 3595 Gallicanae
749 3552 769 3593 a
781 3536 819 3596 cl.
834 3534 1010 3596 Mabillonio
1019 3534 1108 3597 edita
1118 3556 1198 3599 num.
1213 3541 1259 3599 18.
1273 3538 1364 3599 habe·

276 3644 324 3695 tur
348 3634 445 3693 Missa
465 3632 581 3711 integra
603 3628 641 3690 de
665 3630 697 3692 S.
714 3629 840 3704 Eulalia,
860 3631 911 3691 abi
928 3630 1034 3692 eadem
1052 3652 1174 3712 prorsus
1198 3654 1265 3714 qnae
1286 3634 1364 3714 apud

278 3729 471 3789 Prudentiurn
492 3727 667 3788 referuntur.
713 3726 810 3788 Passa
823 3725 880 3787 tuit
892 3746 942 3788 an.
955 3725 1013 3791 ch.
1026 3728 1095 3791 circ.
1110 3732 1180 3791 304.
1194 3730 1251 3792 snb
1266 3728 1361 3791 Maxi·

277 3826 376 3887 miano
390 3824 511 3887 Hercul.
