3034 4900
256 422 279 486 u
699 432 909 484 rnnrsrro.

258 589 368 658 tuoso,
389 575 555 662 Augurio,
575 584 615 642 et
637 575 782 662 Eulogio
802 593 854 642 vs.
878 575 1070 661 leupario
1091 575 1134 642 de
1159 574 1354 643 Tarracone

257 681 412 766 proferat,
427 685 438 716 ¹
452 686 603 746 nostram
616 678 750 746 urbem’
764 679 952 764 appellans,
975 695 1044 742 nou
1057 687 1111 743 cst
1124 679 1239 762 potior
1254 681 1354 758 ratio,

258 803 319 849 cur
338 801 381 849 cx
395 783 458 849 bac
477 783 603 867 potius,
627 801 729 866 quam
743 801 764 846 e
778 779 952 864 calagurri
968 786 1076 844 ortum
1091 797 1169 846 eum
1181 780 1289 846 fuisse
1303 782 1356 845 di·

259 905 395 966 camus3
418 884 508 971 quod
521 891 556 950 et
575 883 641 950 sibi
652 884 824 968 persuasit
835 882 928 949 Guil.
940 880 1034 948 Care
1053 882 1103 946 De
1117 881 1242 968 Script.
1257 881 1354 951 licei.

260 988 347 1054 Sacc.
370 1005 404 1050 v.
428 1007 463 1071 p.
485 987 562 1053 207.
599 984 729 1051 Rursus
754 984 870 1050 eodem
899 988 1038 1048 utuntur
1063 992 1268 1068 argomento,
1294 986 1355 1070 qui

260 1087 574 1172 Gaesaraugustanis
598 1086 842 1154 accensendum
856 1105 931 1151 eom
947 1105 1023 1151 esse
1040 1088 1165 1153 volunt.
1209 1086 1354 1166 Quoties

259 1191 348 1256 enim
359 1191 482 1257 Perist.
498 1191 622 1276 Hymu.
638 1207 690 1255 ru.
704 1188 746 1256 de
762 1188 1032 1271 Caesaraugusta,
1048 1187 1225 1270 Aragoniae
1241 1188 1355 1272 Regni

260 1294 426 1377 principe,
445 1293 644 1358 mentionem
662 1291 758 1370 iacit,
780 1291 879 1356 toties
901 1308 998 1356 suam
1022 1291 1183 1374 appellat
1225 1289 1355 1357 Verum

261 1413 321 1478 pro
335 1394 400 1460 bac
416 1395 588 1478 opinione,
611 1413 678 1459 non
692 1393 762 1459 ista
774 1398 903 1458 tantum
924 1391 1047 1458 militat
1061 1391 1261 1478 conjectura,
1276 1412 1357 1477 quae

261 1496 447 1561 communis
475 1495 596 1561 ceteris
622 1500 703 1576 est3
742 1489 805 1559 sed
836 1493 922 1559 illud
954 1494 1090 1578 insuper
1118 1494 1210 1578 quod
1238 1494 1357 1560 eodem

263 1593 392 1680 Hymn.
411 1613 462 1663 ιν.
483 1595 696 1663 Vincentinm
712 1596 850 1683 Martyr.
867 1595 1010 1679 Sagunti
1024 1596 1077 1662 uel
1091 1593 1262 1662 Valentior
1277 1616 1359 1681 pas·

256 1717 350 1776 sum,
365 1698 430 1764 sibi
445 1697 663 1786 peculiariter
671 1697 822 1764 uindicat
834 1717 886 1762 vs.
898 1699 954 1765 97.
965 1697 1007 1763 de
1017 1717 1057 1763 eo
1071 1699 1231 1785 loquens:
1246 1697 1358 1764 ‘Nos-

263 1805 312 1864 ter
326 1805 391 1878 est,
410 1801 566 1885 quamvis
588 1800 707 1886 procul
727 1799 808 1866 binc
829 1799 864 1864 in
886 1802 970 1866 urbe
991 1797 1123 1866 Passus
1144 1798 1281 1886 ignota,’
1296 1804 1357 1866 &c

264 1900 355 1985 quod
370 1906 404 1967 et
418 1901 594 1968 confirmat
615 1920 668 1968 vs.
687 1902 764 1968 101.
809 1902 881 1969 Hic
905 1909 1016 1970 autem
1041 1903 1244 1970 Vincentius
1266 1909 1359 1968 certo

263 2005 384 2070 certius
406 2003 728 2090 Caesaraugustunus
747 2004 825 2072 init.
868 2003 1014 2072 Accedit
1030 2005 1131 2072 etiam
1145 2005 1236 2091 quod
1250 2005 1361 2070 redux

263 2105 374 2174 Poeta
388 2109 421 2172 in
432 2107 574 2192 patriam
589 2106 716 2192 Hymn.
731 2107 769 2175 S.
786 2105 927 2192 Hippoi.
943 2105 1063 2174 Perist
1079 2124 1135 2175 xr.
1148 2107 1361 2192 Episcopum

264 2229 363 2278 suum
376 2205 562 2287 Valerium,
584 2227 644 2273 seu
657 2206 874 2274 Valerianum
888 2207 1033 2289 nomine,
1053 2209 1246 2294 compellat,
1261 2209 1361 2294 eique

263 2311 437 2397 praefatum
456 2311 582 2394 Hymn.
597 2309 757 2377 inscribit.
788 2309 858 2375 Hic
874 2315 982 2375 autem
995 2307 1152 2376 Valerius
1165 2310 1256 2377 baud
1269 2317 1362 2378 certe

265 2411 351 2479 abus
365 2409 595 2491 videturesse,
609 2429 711 2496 quam
725 2409 883 2478 Valerius
899 2409 1201 2495 Caesarugustanus
1221 2413 1365 2500 Episco-

265 2533 341 2599 pus,
358 2514 416 2598 qui
430 2512 578 2579 un.381.
600 2512 775 2579 interfuit⁴
795 2512 949 2581 Concilio
963 2514 1266 2600 Gaesamugustauo
1281 2537 1362 2584 con·

265 2623 319 2683 tra
333 2613 610 2682 Priscillianistas
623 2614 806 2681 haereticos
817 2613 852 2680 iu
867 2615 1046 2702 Hispaniis
1056 2618 1270 2702 pullulantes.
1295 2618 1363 2687 Adi

267 2716 450 2783 Martinum
464 2712 623 2783 Catillum
637 2715 671 2780 in
691 2712 776 2781 Vita
800 2714 837 2783 S.
853 2713 980 2783 Valerii
1004 2715 1195 2805 caesaraug.
1210 2722 1316 2788 Praes.
1330 2742 1371 2793 ο.

266 2818 300 2887 2.
343 2819 381 2885 Si
396 2836 473 2903 quae
487 2818 586 2902 igitur
599 2838 643 2883 ex
655 2818 709 2883 bis
722 2820 877 2884 omnibus
891 2821 1104 2904 opinionibus
1113 2823 1285 2908 seligenda
1298 2845 1362 2891 no·

267 2920 321 2987 bis
336 2926 437 3001 esset,
451 2919 529 2989 huic
543 2926 633 2987 certe
654 2920 950 3004 subscriberemus,
974 2943 1077 3008 quam
1098 2927 1200 2990 etium
1214 2926 1277 2991 viri
1290 2945 1364 2993 eru·

269 3021 424 3090 ditissimi
439 3023 587 3109 amplexi
611 3029 714 3089 sunt.⁵
759 3022 835 3090 Nec
860 3044 942 3091 uero
964 3028 1143 3110 quicquam
1164 3030 1290 3113 negotii
1310 3028 1363 3096 iu·

269 3140 398 3193 cessere
418 3126 530 3205 (lebet,
553 3123 646 3210 quod
667 3143 734 3189 uno
750 3130 811 3191 aut
835 3126 937 3192 altero
963 3127 1040 3195 loco
1063 3127 1136 3195 sive
1161 3126 1364 3215 Calagurris,

269 3226 342 3293 siue
366 3226 525 3307 Tarraco,
552 3248 623 3294 sum
647 3227 751 3293 urbes
779 3247 802 3293 a
829 3227 939 3295 Pobta
961 3238 1139 3312 nocentum
1171 3252 1248 3298 cum
1271 3234 1363 3299 euim

270 3327 460 3415 Calagurris
479 3330 637 3396 Praetoris
662 3329 953 3413 Goesaraugnstani
978 3333 1155 3400 audientiae
1171 3341 1206 3400 et
1219 3353 1363 3402 conven-

270 3430 321 3497 tui
350 3430 505 3517 subjecta
527 3438 630 3513 essct,
651 3433 730 3517 ipsa
753 3440 867 3500 autem
884 3431 1202 3519 Caesamugustuad
1224 3434 1364 3504 Provin-

270 3534 359 3601 ciam
384 3532 670 3629 Tarraconensem
692 3533 894 3619 pertinaret,⁶
915 3541 1088 3622 utrumque
1116 3538 1226 3621 potuit
1249 3540 1365 3625 aliquo

265 3634 343 3719 jure
368 3648 464 3701 suam
487 3635 677 3720 appellare3
707 3636 882 3702 ueletiam
907 3656 989 3703 suas
1014 3645 1127 3719 uocat,
1146 3642 1276 3707 nomine
1298 3660 1364 3709 non

303 3894 319 3941 l
336 3890 415 3956 Apud
433 3890 564 3943 Lrbbrum
580 3888 681 3941 Concil.
696 3896 759 3942 tn.
770 3903 799 3954 p·
838 3904 955 3985 ιιιιιιιι,
971 3895 1096 3959 Clericus,
1114 3895 1252 3961 Dupiniur,
1269 3896 1364 3947 Baitia·

271 3970 400 4095 urbm.
418 4042 507 4107 Eplrc.
523 4043 674 4094 Nebrlrreu.
690 4040 717 4091 in
735 4040 800 4093 Not.
838 3980 890 4099 mu·
898 3972 1019 4101 3¹:33¹·
1031 4064 1063 4102 ιι.
1074 4055 1099 4102 b.
1111 4052 1219 4116 Geogr..
1233 4049 1302 4103 Plin-
1320 4063 1365 4101 ιιι.

271 4118 304 4169 aul
325 4132 397 4170 suum
417 4118 554 4170 Prudeutll
573 4118 655 4182 Edit,
674 4116 755 4169 Aldus
773 4118 799 4167 lu
839 4128 1028 4191 s‚‚smb,1ib,
1045 4143 1090 4182 111.
1103 4139 1132 4182 ,ς
1143 4128 1269 4183 Antonin
1283 4124 1366 4179 ltine·

272 4198 329 4249 Vll.
340 4198 430 4263 Prorl,
438 4198 546 4250 Giscliu.
554 4199 579 4247 lu
592 4194 799 4263 NotfPosseriu.
837 4218 888 4256 m,

270 4273 297 4326 iu
315 4274 425 4342 Appen,
434 4275 520 4326 sura·
528 4274 588 4327 Seu.
599 4274 719 4340 Versus,
732 4272 799 4325 llos·
