3034 4900
240 388 283 452 24
688 394 891 446 rubuario.

243 542 358 610 Nicol.
381 541 412 606 le
434 537 598 604 Nourrius
619 537 654 601 in
678 538 809 622 Appar.
831 537 875 602 ad
897 536 987 600 Bibl.
1009 543 1075 602 vet
1094 536 1180 615 1²1²,
1197 536 1332 606 Mareu.

244 645 298 710 De
314 643 428 708 Divin.
442 641 558 718 Verbi,
581 640 776 704 Laurentius
790 639 879 705 Berti
896 639 949 702 De
965 637 1127 720 Theolog.
1151 639 1333 722 Discipliu.

242 751 267 810 t.
284 760 307 808 1.
322 744 380 808 lib.
394 742 427 808 8.
442 741 643 825 plurimique
659 741 729 817 alii,
746 741 789 805 ad
802 759 888 824 qnos
910 740 1064 804 lectorem
1081 741 1233 806 remitto>
1262 741 1333 808 Sed

244 842 286 910 ad
302 843 513 908 Prudentium
530 842 620 926 quod
636 843 767 920 attinet,
782 860 917 924 prorsus
930 861 1017 922 nego
1031 861 1106 906 eum
1119 844 1333 908 minusrecte

243 945 285 1008 de
300 944 389 1008 Filio
401 944 466 1009 Dei
481 944 639 1020 sensisse,
657 949 713 1007 aut
727 943 876 1007 locutum
894 941 1001 1005 fuisse
1013 962 1024 1022 3
1038 961 1109 1019 nec,
1129 948 1167 1006 ut
1180 943 1332 1008 Clericus

245 1048 303 1123 ait,
318 1046 418 1109 aliam
435 1044 513 1108 Filii
530 1044 594 1108 Dei
609 1043 851 1126 generationem
872 1045 1064 1125 agnovisse,
1088 1062 1189 1125 quam
1201 1051 1333 1126 tempo·

244 1147 363 1210 rariam
385 1152 418 1210 et
443 1145 657 1229 impropriam
674 1164 683 1223 ;
709 1164 786 1210 cum
803 1144 983 1209 innumeris
998 1144 1234 1227 propemodum
1245 1145 1333 1210 locis

246 1254 403 1313 artemam
433 1245 538 1310 Verbi
567 1246 811 1328 generationem
837 1244 1067 1327 depraedicet:
1099 1243 1282 1308 Personam
1311 1262 1333 1309 a

246 1346 345 1411 Patre
370 1347 561 1412 distinctam
583 1347 735 1423 fateatur,
756 1351 790 1409 et
805 1344 1014 1410 Catholicam
1028 1344 1152 1428 ubique
1166 1352 1277 1411 teneat
1290 1366 1333 1412 ac

246 1454 432 1532 propugnet
447 1447 575 1512 Fidem·
618 1446 674 1512 Ab
688 1449 843 1512 omnibns
865 1449 976 1526 ferme,
999 1467 1085 1531 quos
1109 1447 1212 1512 modo
1226 1448 1334 1514 uomi-

246 1552 335 1626 uavi,
350 1548 553 1614 doctissimis
573 1549 652 1614 viris
672 1548 938 1614 animadversum
960 1555 1021 1626 eat,
1040 1548 1197 1632 antiquos
1212 1547 1334 1613 Patres

246 1651 419 1714 nonnullos
434 1649 600 1732 duplicem
624 1649 714 1730 Filii·
726 1651 967 1732 generationem
985 1656 1062 1715 aute
1078 1650 1227 1714 conditas
1242 1669 1335 1714 crea·

247 1761 341 1815 turas
364 1751 567 1817 distinxisse.
612 1753 727 1816 Prima
750 1759 815 1829 est,
839 1771 914 1815 cum
937 1751 1039 1815 Pater
1059 1751 1204 1816 Verbum
1224 1751 1335 1832 genuit

247 1850 458 1933 intelligendo
479 1855 639 1937 seipsum,
665 1873 764 1936 quam
787 1853 1031 1935 generationem
1052 1858 1187 1917 constat
1211 1851 1335 1935 sempi-

247 1959 372 2017 ternam
394 1972 480 2031 ease,
500 1971 578 2018 cum
602 1954 697 2019 Deus
722 1973 854 2037 semper
876 1953 976 2018 fuerit
990 1953 1102 2032 Pater,
1117 1973 1157 2019 ac
1172 1951 1335 2017 Rationa-

246 2055 307 2118 lis:
338 2055 440 2124 altera
468 2055 648 2137 generatio,
677 2073 738 2119 seu
765 2057 879 2138 potius
898 2062 1039 2122 externa
1059 2055 1165 2120 Verbi
1191 2055 1333 2137 prolatio

244 2155 318 2232 init,
331 2157 464 2238 quando
486 2155 602 2222 Verbo
624 2156 755 2222 virtutis
776 2177 848 2223 suae
875 2156 1038 2222 Mundam
1059 2158 1334 2236 condidit3tuuc

247 2257 335 2320 enim
349 2257 384 2320 iu
399 2265 623 2322 creaturarum
644 2257 861 2341 productione
882 2260 1039 2341 apparuit
1060 2279 1102 2324 ac
1124 2259 1336 2325 manifestata

247 2358 342 2422 nobis
355 2356 421 2420 luit
437 2357 501 2422 Dei
513 2358 700 2440 Sapientia,
716 2378 758 2424 ac
773 2358 943 2438 Potentia,
963 2379 1040 2443 quae
1064 2361 1108 2425 ab
1123 2365 1249 2426 aterno
1263 2367 1336 2426 erat

247 2460 282 2523 in
295 2460 369 2522 sinu
385 2459 509 2524 Patris.

293 2560 371 2625 Hac
386 2558 611 2637 distinctione,
626 2568 775 2626 veterum
800 2561 933 2626 Petrum
955 2563 999 2627 de
1023 2560 1133 2627 Verbo
1152 2564 1335 2631 locutiones

247 2660 341 2743 louge
355 2662 503 2727 dunores
514 2662 696 2744 expediunt
710 2670 744 2727 et
754 2664 927 2747 explicant
936 2667 1153 2731 communiter
1163 2667 1337 2750 Tbeologi.

249 2760 398 2845 objectis
411 2765 509 2846 igitur
523 2784 545 2829 a
558 2764 692 2830 Clerico
710 2766 799 2831 locis
820 2764 1021 2848 postremam
1043 2767 1128 2831 banc
1152 2770 1335 2850 generatio-

248 2880 321 2925 nem
336 2883 358 2927 a
370 2864 551 2930 Prudentia
566 2866 671 2931 tuisse
686 2866 901 2945 intellectam,
916 2875 951 2932 et
963 2888 1025 2933 nos
1039 2869 1201 2950 dicimns3
1216 2877 1252 2935 at
1264 2873 1337 2936 sine

248 2963 317 3028 ullo
334 2982 432 3042 verae,
443 2966 604 3049 propriae,
618 2986 660 3031 ac
671 2969 879 3050 sempiternae
888 2970 1113 3050 generationis
1124 2970 1336 3055 praejudicio,

249 3084 349 3147 quam
370 3066 513 3131 Petam
527 3074 677 3133 nostrum
692 3070 865 3152 agnovisse
879 3075 980 3153 atque
994 3072 1181 3135 inculcasse
1194 3092 1338 3155 sequen

248 3171 302 3231 tes
323 3168 388 3233 loci
414 3171 527 3252 palam
549 3170 682 3237 faciunt.
729 3171 950 3237 Personarum
974 3173 1171 3237 Divinarum
1193 3173 1338 3241 Trinita-

248 3275 327 3347 tem,
346 3278 383 3335 et
404 3270 545 3339 Naturae
571 3273 733 3337 unitatem
748 3272 799 3339 sic
814 3274 962 3339 euunbat
976 3272 1127 3339 Catbem.
1143 3272 1269 3356 Hymn.
1285 3292 1337 3339 ιν.

249 3370 320 3435 init.

528 3505 558 3571 Ο
573 3504 745 3570 Trinitatis
758 3504 860 3590 bojas

526 3606 591 3672 Vis
606 3626 681 3685 una,
696 3608 806 3671 lumen
820 3626 932 3685 unum,

529 3711 625 3775 Deus
640 3730 685 3774 ex
699 3710 776 3775 Deo
789 3712 950 3795 perennis,

528 3810 624 3876 Deus
641 3832 684 3877 ex
699 3818 837 3895 utroque
848 3812 984 3877 missus.

251 3976 352 4059 Quod
366 3981 486 4047 iisdem
499 4001 596 4065 paene
610 3982 721 4063 verbis
741 3982 863 4067 repetit
875 3981 1136 4067 Peristepbanon
1157 3984 1283 4068 Hymn.
1299 4004 1339 4053 x.

249 4098 301 4145 rs.
327 4080 401 4145 321.
438 4082 566 4149 Eodem
594 4084 680 4151 libro
709 4084 832 4168 Hymn.
857 4100 898 4150 rr.
919 4104 971 4149 vs.
996 4086 1072 4149 413.
1094 4087 1146 4151 sic
1168 4086 1339 4155 Christum

249 4178 458 4265 Apostolicis
473 4185 584 4252 verbis
596 4184 658 4270 <ad
675 4186 778 4251 Hebr.
795 4201 820 4247 1.
832 4184 883 4271 3.)
896 4186 1098 4270 compellat:
