3034 4900
444 393 639 442 runcatio
663 395 704 442 ΙΝ
730 397 978 448 ΑΡΟΊἯΕΟΒΙΝ.

251 533 381 600 Statum
396 533 566 602 lacessunt
579 537 828 620 omnipollentis
844 541 908 606 Dei

291 633 521 700 Calumniosis
534 637 665 714 litibus,

247 734 364 799 Fidem
381 738 516 802 minutis
531 739 702 804 dissecant
716 743 913 829 ambagibus

291 837 339 901 Ut
353 838 495 922 quisque
510 840 625 922 lingua
639 849 693 904 est
708 843 855 924 nequior.

246 939 401 1016 Solvunt,
417 940 588 1024 ligantque
602 943 828 1025 quaestionum
843 946 977 1010 vincula
1066 949 1070 960 ’

290 1039 357 1103 Per
371 1040 584 1123 syllogismos
599 1044 758 1126 plectiles.

249 1140 311 1206 Vae
327 1143 488 1224 captiosis
503 1145 798 1227 sycophantamm
811 1146 955 1230 strophis
968 1147 975 1212 l

290 1242 354 1306 Vae
371 1244 539 1326 versipelli
556 1245 709 1309 astutiae!

246 1342 367 1408 Nodos
383 1351 515 1408 tenaces
529 1355 621 1409 recta
635 1347 757 1428 rumpit
770 1345 894 1428 regula,

287 1442 412 1508 Infesta
427 1444 695 1510 dissertantibus.

245 1543 379 1608 Idcirco
393 1545 505 1610 mundi
519 1545 623 1611 stulta
638 1543 759 1628 delegit
774 1547 883 1624 Deus,

287 1646 337 1710 Ut
351 1646 532 1712 concidant
546 1646 745 1729 sophistica.

244 1747 367 1831 Deque
382 1748 558 1814 imbecillis
572 1747 762 1830 subjugavit
777 1747 884 1826 fortia,

284 1850 439 1934 Simplex
452 1854 488 1914 ot
501 1858 594 1913 esset
609 1848 751 1914 credere.

155 2044 254 2108 capiuli
272 2045 418 2108 Oppagscat
428 2044 596 2108 questionibus
605 2044 775 2094 contumeliosis
783 2046 907 2094 mentium
915 2045 964 2096 net
974 2045 1138 2108 outsipuleals's
1145 2061 1155 2102 ,·
1171 2046 1253 2108 depra-

159 2109 295 2173 rustfidesr
304 2109 440 2158 circuitibus
450 2109 570 2158 seclusos
580 2109 752 2168 malignorum,
762 2114 833 2169 prout
843 2109 998 2173 uuusquisque
1013 2109 1082 2158 habet
1093 2109 1199 2170 linguosa
1213 2121 1256 2170 pe·

150 2171 230 2231 ,iorers
239 2188 248 2229 ,·
264 2178 425 2235 pemmpsst,
446 2173 613 2235 inplicantque
629 2172 781 2235 difficultates
791 2175 944 2234 qsoestiosara
962 2173 1110 2235 mestis
1119 2171 1255 2236 implumis.

160 2235 369 2294 Vesrssdalestis
378 2237 446 2286 tricis
456 2237 669 2293 solumsictocaru3
686 2250 722 2283 oae
730 2236 833 2284 sabdoloe
840 2236 977 2287 mblilduli.
1012 2236 1152 2300 empna,
1159 2236 1255 2284 nobas

155 2299 338 2361 topruettlos,
349 2301 412 2348 tollit
422 2302 494 2348 nodos
500 2299 640 2361 pertinaces.
664 2297 968 2364 occubuissemus
978 2301 1077 2350 stamas
1087 2299 1184 2350 ducebat
1195 2300 1256 2350 stal-

157 2367 193 2418 to,
205 2363 300 2422 assotae
315 2364 434 2428 sephetia
450 2363 602 2422 mumadam
617 2367 642 2412 et
652 2364 741 2412 deussit
751 2363 832 2423 sortis
842 2364 954 2428 infirmis,
963 2370 991 2414 st
1001 2364 1066 2430 μοι
1075 2364 1174 2428 sistples
1185 2367 1255 2414 smel.

615 2498 794 2520 Ulmum,

156 2597 282 2673 ecquasl
292 2596 452 2647 Cellas-ll
474 2597 534 2653 Quo
552 2597 601 2644 tto.
618 2595 713 2645 c.—2a
730 2596 836 2659 quisquis
846 2596 887 2647 W.
896 2596 994 2648 B.-ca
1009 2595 1096 2658 dilegil
1113 2595 1161 2658 Eg.
1180 2594 1255 2653 sodi.

649 2741 761 2793 NOTR.

195 2852 229 2899 24
255 2846 421 2911 Βςυοςίωοι]
455 2846 584 2910 Intelligit
609 2860 686 2909 scpu-
725 2846 852 2896 mendace
890 2853 918 2896 et
950 2845 1101 2895 cavillatore
1135 2844 1252 2896 sumitur.

153 2924 249 2983 ruenti,
266 2937 311 2973 sen
329 2936 409 2985 genus
424 2919 685 2984 sophismatist'allsci
725 2922 817 2972 Plaut.
840 2920 969 2985 Amphitr.
989 2921 1091 2972 ‘Nimis
1111 2920 1153 2970 bic
1176 2921 1254 2969 scitus

155 2998 264 3061 strophe
273 2998 429 3046 disserentes
441 2998 586 3060 implicans.
610 2995 686 3046 Alter
724 3006 766 3047 est
778 2998 945 3062 sycophanta,
956 2996 999 3061 qui
1018 2995 1121 3061 quidem
1138 2996 1173 3045 sit
1184 3010 1255 3046 meus

154 3076 353 3128 Pseudomeuos
364 3076 526 3140 syllogismus
537 3074 685 3139 dicebatur,
725 3072 824 3122 Pater:
857 3072 924 3123 Qtria
936 3087 950 3119 e
961 3070 1062 3120 duobus
1082 3072 1163 3119 seruis
1182 3069 1254 3122 Gra·

156 3154 225 3202 atter
241 3153 344 3202 sorites.
376 3152 493 3215 Uterque
503 3165 519 3199 s
531 3151 632 3201 Graecis
643 3166 685 3199 su-
725 3150 749 3198 ci
764 3142 898 3213 btrjrrsdam
910 3149 975 3197 alter
991 3146 1055 3197 ficus
1066 3146 1205 3195 absumsit:
1219 3147 1255 3196 sl·

155 3230 244 3279 mitur.
261 3227 318 3277 Cic.
337 3226 370 3277 de
387 3226 515 3276 Dirimtt.
534 3224 686 3277 ‘Quomodo
726 3229 777 3286 ter,
797 3224 853 3286 quis
873 3237 916 3273 eas
936 3222 1093 3279 abstulisset,
1111 3220 1256 3285 ignorabat.

156 3314 244 3354 antem
256 3302 434 3364 mentientem,
452 3316 528 3365 quem
548 3298 687 3362 ψευδόμενον
724 3298 860 3351 Quaerenti
876 3312 920 3348 eas
939 3297 1043 3347 dominc
1062 3310 1122 3347 sons
1134 3297 1256 3347 innocen-

156 3376 422 3439 vocaot‚dissoleasi'
454 3376 686 3429 Etdesoritecic·
726 3383 778 3425 tem
797 3374 938 3427 accusarit.
972 3372 1057 3435 Unde,
1075 3373 1120 3437 qui
1135 3370 1254 3422 ficesds-

157 3454 249 3504 ecdem
268 3454 336 3513 loco,
351 3451 594 3503 ‘Quemadmodum
611 3452 685 3501 soriti
726 3455 873 3512 voraverat,
891 3450 1044 3513 culpamque
1055 3448 1081 3496 in
1092 3448 1254 3497 innocentem

156 3530 281 3580 resistas?
303 3542 387 3595 quem,
407 3528 428 3575 si
447 3540 553 3577 necesse
573 3526 617 3588 sit,
637 3526 684 3578 La·
726 3524 872 3575 cavillando
890 3539 921 3575 ac
939 3522 1089 3573 mentiendo
1111 3522 1256 3585 rejiciebat,

155 3608 212 3657 tino
234 3605 313 3655 serbo
334 3605 413 3653 liccat
431 3604 575 3652 acervalem
597 3602 686 3665 appel·
726 3600 869 3649 vocabatur
884 3598 1051 3662 sycophanta.
1085 3598 1126 3646 De
1138 3597 1255 3660 strophis

152 3679 231 3730 trra’
474 3720 484 3735 ,
724 3676 799 3725 initio
811 3674 907 3737 Psych.
924 3674 965 3723 Dc
976 3672 1105 3735 Versipel.
1117 3673 1141 3720 in
1155 3672 1254 3736 Hysia.

189 3753 313 3816 Pteetiles]
331 3754 413 3804 litata
425 3752 533 3801 eandem
551 3750 684 3813 metapho
723 3752 749 3799 a.
762 3748 878 3799 (lathem

156 3846 213 3881 ram
234 3835 311 3879 vocat
329 3829 489 3892 syllogismos
510 3826 639 3889 plectiles,
657 3826 684 3874 id
756 3830 790 3875 29
809 3823 902 3887 dhus]
928 3822 1010 3873 Diuus
1023 3822 1119 3873 Paulus
1132 3828 1145 3871 l
1159 3822 1191 3873 ad
1204 3825 1252 3873 Co·

154 3915 210 3968 est,
221 3906 322 3969 plexos,
334 3911 361 3952 et
372 3901 601 3966 colligatossinrul.
625 3901 685 3953 Qua
726 3902 804 3951 nuth.
822 3914 912 3965 capt·
932 3899 1001 3950 ‘sm
1020 3912 1077 3964 qut
1100 3899 1179 3948 stulta
1196 3904 1256 3949 root

156 3982 240 4031 serbo
265 3995 325 4029 usas
343 3987 383 4029 est
407 3980 516 4027 Plautus
538 3977 564 4025 in
590 3977 686 4027 Brcch.
726 3976 814 4025 mundi
833 3976 912 4038 elegit
922 3976 1004 4035 Dens,
1014 3981 1044 4023 nt
1058 3971 1201 4023 contundat
1215 3987 1255 4023 sa·

155 4062 166 4091 ¹
177 4059 232 4108 Pro
242 4057 315 4119 galea
331 4054 475 4116 scaphium,
487 4067 534 4116 pro
545 4050 640 4115 insigni
650 4051 686 4100 sit
725 4052 842 4115 pientss;
858 4057 886 4099 et
896 4046 996 4098 infirma
1007 4046 1093 4097 mnndi
1105 4048 1185 4111 elegit
1201 4048 1256 4097 Da·

154 4128 399 4193 eorottaplectttts!
435 4170 439 4179 .
725 4122 1058 4190 nquroontundsrtortis:
1090 4122 1255 4187 aesopum.

188 4214 223 4265 25
236 4206 685 4273 suopmsasa185mpbsntsprs
722 4203 752 4252 in
764 4202 861 4268 Hymn.
870 4200 905 4252 dc
917 4208 1008 4252 sancto
1017 4200 1140 4253 Romano.

222 4288 312 4353 neos.
326 4287 492 4340 euacua.
650 4283 771 4334 Putat.
1137 4278 1195 4331 cr..
