3034 4900
265 362 308 426 to
709 370 915 428 usurario.

265 527 387 600 mento,
409 521 561 604 personis
577 521 751 604 exceptis:
774 523 1017 586 commentatus
1038 527 1092 585 est
1113 525 1222 587 autem
1237 522 1273 588 in
1288 541 1360 588 mo·

264 645 333 692 rem
348 623 554 702 Graecorum,
571 622 811 688 Hexabmeron
832 623 876 687 do
897 624 1010 688 mnndi
1032 623 1171 701 fabrica,
1188 643 1296 709 nsque
1316 626 1362 691 ad

264 726 488 792 conditionem
499 725 598 809 primi
608 724 766 802 hominis,
781 731 816 788 et
823 724 1131 807 prevaricationem
1143 725 1235 809 ejus:
1258 725 1361 790 Com·

263 829 379 912 posuit
406 833 440 892 et
462 827 604 905 libellos,
634 844 727 908 quos.
748 824 873 890 Graeca
900 823 1120 908 appellatione
1142 827 1363 908 praetitulavit

265 928 480 1014 Apotheosis,
497 926 755 1012 Psycomachia,
777 925 1048 1007 Hamartigeniag
1069 925 1105 989 id
1126 932 1175 991 est
1196 926 1239 991 do
1262 928 1362 994 Diri·

263 1033 377 1108 nitata
399 1030 442 1094 de
471 1029 737 1114 Compngnantia
764 1027 878 1104 animi,
904 1026 947 1092 de
975 1025 1111 1108 Origine
1136 1034 1360 1110 peccatorum.

264 1129 359 1200 Fecit
372 1138 406 1198 et
419 1132 453 1196 in
468 1131 601 1197 landem
616 1131 804 1213 Martyrum
817 1131 880 1195 sub
893 1129 1084 1214 aliquorum
1098 1130 1288 1197 nominibus
1303 1131 1360 1196 ln·

262 1236 451 1300 vitatorium
462 1233 506 1298 ad
516 1233 707 1316 martyrium
720 1231 844 1296 librum
858 1249 971 1308 unum,
992 1237 1029 1295 et
1050 1230 1261 1314 Hymnorum
1275 1233 1359 1299 aito·

262 1354 347 1412 rum,
361 1336 501 1419 speciali
523 1341 632 1400 mmen
651 1331 830 1398 intentione
845 1330 1007 1396 adversus
1021 1331 1271 1415 Symmachum,
1285 1333 1360 1399 ido·

262 1437 431 1503 lolatriam
444 1436 699 1512 defendentem,²
714 1454 761 1499 ex
773 1453 915 1518 quorum
925 1433 1071 1500 lectione
1085 1434 1276 1515 agnoscitur
1289 1433 1359 1500 Pa·

261 1539 399 1605 latinum
409 1538 552 1604 militem
565 1536 687 1602 fuisse!
730 1536 835 1602 Plura
848 1541 1020 1600 enumerat
1034 1535 1256 1600 Trithemins¹
1273 1534 1359 1602 Pru·

261 1639 364 1705 deutii
380 1641 517 1724 scripta,
532 1660 591 1705 sen
607 1639 722 1722 potius
732 1639 767 1702 in
778 1637 891 1720 plures
906 1637 1072 1720 disposuit
1086 1636 1268 1715 sectiones,
1281 1657 1311 1702 e.
1325 1658 1358 1722 g.

261 1741 382 1807 librom
410 1740 626 1825 Apotheosis,
656 1740 715 1824 qui
743 1758 833 1804 nnus
853 1744 916 1814 est,
937 1756 1107 1822 quemque
1133 1738 1198 1802 sub
1216 1757 1286 1803 nno
1308 1740 1360 1804 tit.

262 1850 353 1908 recte
373 1843 563 1925 indigitavit
586 1839 795 1918 Gennadius,
814 1841 849 1904 in
872 1858 935 1905 sex
953 1840 1058 1905 libros
1080 1845 1195 1918 secat3
1217 1838 1359 1906 totidem

263 1961 385 2026 uernpe
400 1949 482 2027 quot
495 1949 574 2008 sunt
587 1941 624 2020 ii,
640 1946 756 2006 contra
766 1959 865 2023 quos,
881 1941 1024 2007 absurde
1038 1939 1080 2005 de
1095 1939 1212 2006 duna
1226 1939 1359 2008 Natura

261 2047 454 2123 sentientes,
470 2045 594 2128 stylum
615 2044 707 2108 acuit
728 2041 850 2108 Poiita.
894 2041 1119 2117 Prmsationes
1141 2041 1245 2106 etiam
1262 2043 1359 2110 libris

262 2147 393 2224 affixas,
405 2147 561 2212 librorum
575 2146 709 2211 nomine
724 2144 890 2209 interdum
904 2142 1019 2221 donat,
1033 2150 1071 2208 ot
1085 2144 1120 2208 in
1143 2143 1356 2228 Hamartige·

260 2249 318 2313 nia
335 2247 451 2312 uidero
472 2248 566 2326 -lioet,
590 2247 687 2332 cujus
711 2267 757 2312 ex
780 2245 983 2311 Proefationo
1005 2246 1124 2310 librum
1148 2253 1358 2314 commentus

261 2356 327 2426 est,
344 2348 438 2413 hand
459 2349 580 2414 melius
603 2349 645 2412 de
667 2345 854 2430 Peristeph.
879 2347 1028 2413 meritus.
1071 2346 1197 2412 Parum
1218 2350 1359 2433 proinde

260 2449 482 2517 attendendus
502 2459 554 2516 est
576 2449 779 2516 Trithemius
798 2450 833 2515 in
857 2455 927 2514 tam
947 2468 1037 2517 nora
1051 2457 1153 2535 atque
1166 2449 1358 2519 inordinata

261 2553 436 2621 Prudentii
451 2572 586 2636 operum
600 2552 781 2636 partitione
800 2571 841 2617 ac
861 2552 1059 2630 recensione,
1080 2559 1311 2638 contraquam
1324 2560 1360 2619 et

262 2652 349 2720 Mes.
363 2648 619 2733 veterum'fides,
634 2664 669 2721 et
683 2654 790 2741 pluris
808 2653 966 2720 iacienda
987 2653 1155 2720 Gennadii
1177 2657 1359 2722 auotoritas

262 2756 348 2823 satis
362 2775 529 2841 superque
543 2776 621 2821 esse
635 2756 745 2823 debet.
783 2756 872 2822 Haec
888 2762 997 2821 tamen
1010 2758 1199 2822 annotanda
1213 2757 1359 2835 bierunt,

261 2874 304 2923 ne
334 2857 411 2943 quis
439 2854 617 2922 'ihithemii
647 2858 834 2923 testimonio
860 2858 973 2924 sucum
1003 2859 1069 2923 sibi
1101 2858 1173 2922 fieri
1201 2859 1359 2941 patiatur.

260 2959 284 3025 J
286 2979 342 3025 am
357 2978 437 3025 vero
451 2978 528 3042 qnae
542 2959 718 3042 hucusque
732 2960 825 3024 edita
838 2960 949 3026 lucem
970 2971 1178 3044 aspexerunt
1190 2959 1265 3026 hoec
1279 2969 1359 3028 sunt

255 3062 358 3147 juxta
382 3060 529 3125 ordinem
551 3060 707 3125 editionis
730 3059 869 3126 Nicoiai
893 3061 1041 3140 Heiusii,
1064 3062 1122 3145 qui
1144 3062 1295 3145 pluribus
1322 3072 1357 3131 et

260 3163 501 3249 praestuntioris
522 3171 613 3229 nota
637 3162 821 3228 Codicibus
844 3162 1020 3242 consultis,
1042 3163 1183 3228 aliorum
1205 3166 1356 3229 omniurn

258 3360 309 3396 uec
320 3337 500 3397 *iiliomontiua
511 3347 530 3395 i.
541 3360 565 3396 c.
577 3346 677 3411 rejecit.
704 3346 789 3396 iure·
829 3362 884 3397 roso
907 3346 990 3399 Codd.
1011 3347 1185 3413 probatissimi
1211 3349 1292 3413 priori
1318 3350 1357 3400 iiii

259 3420 414 3472 cautioribus
440 3422 470 3472 S.
501 3421 653 3485 Hieronymi
681 3435 787 3485 opernm
828 3423 1009 3487 astipulantur,
1028 3438 1103 3489 quam
1115 3422 1223 3488 proinde
1240 3425 1355 3474 retinen·

258 3496 446 3548 editionibnsa
468 3496 594 3547 Mauriuis
612 3504 640 3547 et
660 3496 788 3548 Vaiiaraio
827 3498 888 3547 dom
898 3512 1001 3549 censeo
1096 3520 1108 3537 x

258 3572 402 3636 adornatis,
414 3571 545 3638 inquibus
557 3572 653 3637 postS.
666 3573 788 3624 Doctoris
859 3576 876 3625 i
900 3576 965 3626 Cum
982 3575 1025 3625 bic
1041 3574 1138 3640 aliquid
1157 3574 1300 3626 desiderari
1320 3576 1357 3627 vi·

258 3664 324 3714 opus
345 3649 388 3699 De
406 3649 559 3713 scriptorib.
574 3650 647 3700 Ecci.
657 3649 786 3701 monadi
828 3650 945 3715 deretur,
957 3653 985 3702 in
1000 3652 1127 3716 aliquibus
1143 3652 1309 3717 editionibus,
1326 3659 1358 3704 nt

259 3726 401 3791 catalogus
427 3729 575 3793 subjicitur,
596 3744 645 3793 pro
665 3729 789 3791 Δῐπνχον
828 3729 924 3792 Mirer,
943 3728 1063 3780 additur:
1080 3728 1162 3780 ‘duos
1179 3730 1257 3782 libros
1277 3730 1358 3781 laude

258 3803 403 3868 Διπόχωον
420 3806 524 3869 iegitur,
541 3804 567 3855 b.
579 3820 603 3856 a.
619 3805 733 3870 ‘duplex
751 3807 786 3857 ci·
828 3803 988 3869 dignissimas
1009 3806 1151 3870 compegit,
1171 3820 1205 3855 ea
1229 3805 1358 3871 quorum:

259 3880 374 3942 hus,'uti
392 3882 472 3931 etiam
488 3882 514 3931 iu
529 3881 663 3933 Vaticanis
680 3882 788 3947 aliquot.
827 3884 878 3931 tro.
909 3881 963 3931 Sed
978 3879 1140 3932 deaoothac
1156 3882 1183 3930 in
1201 3889 1355 3946 pervetusto

260 3951 300 4004 Ac
319 3962 405 4016 posset
423 3956 465 4005 hio
482 3956 560 4006 etiam
575 3956 644 4006 titui.
662 3958 787 4021 prasenti
826 3956 888 4006 Vat·
898 3957 964 4006 Cod.
974 3963 1002 4007 et
1012 3956 1039 4005 in
1050 3956 1216 4007 Editiouibus
1228 3957 1357 4008 recentio-

259 4028 347 4077 iibsiio
370 4032 518 4095 convenire,
541 4032 609 4097 quod
631 4034 735 4084 haustus
756 4049 788 4085 ac
828 4034 898 4083 ribus
918 4034 1039 4096 Fabricii,
1051 4034 1174 4085 vallarsii
1192 4035 1226 4085 ad
1243 4034 1355 4099 optimo·

258 4110 408 4168 compactus
434 4120 467 4155 ex
489 4114 599 4174 utroque
621 4110 789 4161 Testamento
827 4124 883 4159 rom
895 4109 1186 4161 Codd.tidenrexactia

257 4180 302 4231 sit.
343 4180 393 4229 Sed
421 4180 489 4232 enim
517 4184 624 4235 eorund.
649 4186 788 4239 Vaticano·
860 4185 1165 4250 tCstai.Soript.Ecoi.
