3034 4900
252 403 275 468 8
696 413 902 466 retrario.

252 559 497 626 declamatores
521 559 608 624 male
633 561 768 624 omnino
807 559 1003 625 audiebant.
1047 557 1253 636 laetamine,
1286 559 1348 640 qni

253 663 312 727 diu
334 662 506 746 multaque
527 680 605 727 oum
618 660 716 726 lande
738 663 774 726 in
797 661 861 726 bae
883 658 1090 743 professione
1109 663 1262 723 versatos
1274 659 1351 723 fne-

252 771 315 841 rat,
330 764 464 847 agnouit
478 771 591 829 tamen
609 770 739 846 postea,
763 782 829 828 non
854 763 898 827 ad
920 763 1087 839 virtutem,
1109 761 1169 826 sed
1190 760 1289 845 plene
1302 762 1350 826 ad

253 872 403 950 argutam
417 866 583 931 malitiam
599 883 638 929 se
649 863 795 948 juvenes
815 865 1012 942 erudivisse,
1024 864 1083 928 lib.
1099 881 1124 928 ι.
1137 863 1250 928 Divin.
1262 861 1351 927 lust.

254 989 285 1034 c.
299 969 330 1032 1.
372 967 515 1046 ‘Nolo,'
538 967 585 1033 ait
606 969 708 1033 etiam
730 967 767 1033 S.
784 968 924 1034 Hieron.
940 968 985 1032 ed
1000 967 1136 1050 Nepet,
1160 969 1222 1030 ‘te
1235 965 1351 1029 decla·

252 1077 418 1136 meterem
434 1089 521 1147 esse,
548 1088 588 1135 oc
612 1069 775 1147 rabulam,
799 1069 1033 1152 garrulumque
1053 1070 1123 1132 sine
1143 1068 1350 1132 ratione...

253 1173 356 1236 verbe
369 1170 503 1236 volvere
519 1178 556 1235 et
578 1169 745 1236 celeritate
771 1170 905 1236 dicendi
920 1170 1011 1253 apud
1026 1168 1215 1252 imperitum
1228 1168 1350 1250 volgus

254 1272 507 1339 admirationem
521 1274 574 1338 sui
588 1271 712 1350 secere,
726 1272 932 1337 indoctorum
951 1271 1122 1336 bominum
1137 1276 1200 1336 est.
1243 1269 1351 1336 Attri-

254 1381 292 1438 te
305 1373 398 1438 frons
410 1374 643 1458 interpretatur
658 1393 790 1457 semper
804 1373 894 1456 qnod
909 1372 1028 1451 nescit,
1040 1379 1076 1438 et
1089 1392 1167 1437 cum
1182 1373 1258 1438 aliis
1273 1393 1351 1457 per·

256 1476 412 1554 suaserit,
426 1476 492 1540 sibi
514 1495 648 1560 quoque
670 1482 812 1561 usurpat
833 1474 1031 1541 scientiam!
1074 1476 1120 1540 Et
1143 1475 1351 1542 Prudentius

255 1597 296 1642 eo
309 1578 387 1661 ipso
402 1576 492 1656 loco,
506 1598 574 1662 quo
589 1597 653 1645 sne
672 1578 747 1644 baec
769 1579 885 1644 studia
903 1579 1062 1662 designat,
1079 1579 1197 1644 eodem
1212 1579 1351 1646 damnet

255 1677 308 1746 bis
322 1679 436 1749 verbis
451 1678 552 1747 Praei.
566 1683 601 1748 in
616 1679 769 1746 (lethem.
786 1700 854 1746 uss.
869 1679 903 1746 8.
917 1681 950 1745 9.

747 1879 828 1926 mox
842 1860 956 1927 docuit
971 1868 1052 1944 toga

342 1958 508 2028 Inlectum
523 1961 615 2026 vitiis
630 1961 719 2028 ielse
732 1961 837 2047 loqui,
852 1982 920 2027 non
935 1962 1009 2028 sine
1022 1962 1179 2028 crimine!

256 2141 345 2210 Illud
361 2144 461 2208 etiem
473 2143 597 2210 ibidem
612 2143 776 2212 humiliter
789 2144 914 2210 fatetur
934 2164 975 2210 ac
997 2145 1099 2224 dolet,
1117 2146 1195 2210 dum
1210 2147 1263 2211 his
1278 2152 1349 2212 stu·

256 2243 323 2307 diis
334 2244 551 2322 incumberet,
560 2245 749 2328 juventutis
763 2247 881 2311 ardore
893 2248 1079 2330 abreptum,
1093 2248 1185 2313 vitiis
1197 2269 1234 2313 se
1242 2250 1349 2315 fraena

254 2345 403 2422 laxasse,
419 2364 497 2432 quae
511 2344 737 2428 postmodum,
751 2347 823 2412 vito
836 2347 871 2410 in
894 2347 1015 2412 melius
1034 2355 1248 2429 commutate,
1257 2349 1349 2435 jugi·

256 2447 321 2513 bus
335 2444 493 2531 lacrymis
509 2452 561 2512 est
580 2454 790 2531 prosecutus.

299 2546 443 2632 Expleta
464 2548 632 2614 literarum
655 2550 854 2636 dicendique
878 2551 971 2631 ludo,
991 2552 1033 2617 ad
1058 2552 1164 2617 forum
1181 2574 1219 2619 se
1235 2574 1272 2619 se
1287 2574 1349 2639 ap·

255 2648 403 2733 plicuit,⁷
424 2651 458 2715 in
472 2670 540 2733 quo
554 2652 601 2717 ita
615 2651 681 2734 egit
695 2672 831 2731 causas,
848 2658 885 2720 ut
898 2654 1048 2721 victoriae
1065 2656 1163 2721 unice
1187 2656 1348 2734 intentus,

255 2770 324 2817 non
350 2752 453 2817 semel
477 2755 660 2819 maximum
683 2757 717 2820 in
745 2755 922 2822 discrimen
951 2759 1087 2824 veniret.
1131 2756 1284 2822 (lathem.
1310 2766 1350 2824 ut

257 2872 331 2937 sup.
342 2874 392 2920 vs.
407 2854 459 2923 16.
502 2854 559 2921 Ad
571 2856 654 2934 baec,
669 2857 780 2941 inquit
793 2858 835 2922 de
849 2878 887 2925 se
900 2858 1031 2931 Pota:

386 3006 448 3071 Bis
462 3007 573 3090 legum
586 3008 814 3076 moderamine
825 2981 828 2986 Ι

385 3106 524 3175 Froenos
538 3110 698 3186 nobilium
715 3112 862 3176 reximus
876 3113 1025 3193 urbium3

383 3206 407 3272 J
410 3227 449 3273 ns
463 3210 563 3276 ciuile
574 3211 674 3277 bonis
689 3213 907 3293 reddidimus,
921 3217 1099 3281 terruimus
1114 3236 1201 3282 reos.

300 3374 500 3441 Provincias
513 3376 687 3464 (quaenem
701 3380 832 3463 luerint,
843 3384 927 3449 latet
937 3380 968 3468 ⁸)
979 3383 1032 3449 bis
1045 3385 1190 3466 gessisse
1202 3384 1351 3450 Pruden-

256 3478 340 3544 tium
354 3497 400 3543 ex
413 3477 466 3545 his
481 3488 633 3565 apparet.
680 3480 714 3545 N
716 3502 771 3548 am
787 3483 954 3549 Rectores
973 3491 1043 3549 tom
1069 3485 1239 3568 temporis,
1244 3485 1349 3589 ¹juxta

257 3578 447 3649 Romanurn
463 3582 524 3668 jus
550 3602 729 3667 usumque,
758 3604 824 3649 non
853 3584 1076 3667 peculiaribus
1110 3586 1260 3664 urbibus,
1286 3584 1350 3650 sed

258 3682 445 3749 Provinciis
470 3683 644 3762 dabantur,
669 3685 727 3769 qui
757 3704 829 3764 ees,
852 3686 911 3770 jus
938 3685 1114 3762 reddendo,
1139 3687 1347 3767 lustrabant;

257 3784 340 3849 nulli
355 3786 485 3853 civitati
498 3786 642 3853 tribuual
658 3786 844 3870 affigentes,
860 3793 943 3855 utet
962 3787 1234 3856 Prouincialibus
1258 3809 1349 3854 com-

288 3988 304 4035 l
321 3984 407 4035 Nicol.
417 3984 554 4041 Antonii.
567 3990 624 4037 let.
824 3986 986 4053 presedisse,
994 3985 1040 4036 sed
1055 3986 1151 4037 nollem
1166 3986 1260 4037 mereri
1271 3983 1348 4039 tidem

264 4066 268 4073 ’
291 4065 306 4110 8
324 4058 536 4113 Pseudo-Destcr
552 4063 654 4128 quidem
666 4064 690 4113 in
700 4062 784 4114 Chro-
823 4062 935 4114 ostendit
946 4064 1032 4113 Nicol.
1043 4063 1141 4115 Aulon.
1151 4063 1177 4112 in
1194 4063 1267 4112 ealce
1277 4059 1348 4113 Bibl.

258 4136 316 4187 nico
327 4138 419 4187 usserit
429 4138 598 4189 Prudentium
611 4141 725 4191 Urbibus
735 4142 785 4192 'l'o-
823 4149 877 4192 sus
889 4140 963 4206 llisp.

257 4216 320 4278 leto,
340 4214 479 4281 Corduba,
497 4230 528 4269 so
547 4216 786 4284 consanguinee
