3034 4900
70 9 235 517 N
510 429 693 481 nrsronrs
716 432 919 484 nnnnsuu.
1207 425 1273 490 486

265 572 333 638 Det
346 572 531 638 ventilabro
544 574 635 638 lecte
648 592 794 658 quaeque
810 583 846 644 ut
860 577 998 657 horreis,

310 673 396 740 Urat
406 682 644 739 recrementum
658 674 754 741 focis.

267 773 385 841 Refert
400 776 770 882 sedipsanosse,qnan
783 799 923 845 messem
938 789 1058 848 necant
1228 788 1272 852 65

310 877 521 942 zizaniorum
537 878 676 941 semina.

175 1061 1273 1137 “adsimilemquodfioerttpregatssrmtilslmattormtigst

174 1132 344 1238 we.
379 1125 464 1175 Vm
481 1127 747 1188 aremarensem
768 1130 819 1194 ipss
837 1131 927 1182 senisu
946 1133 1168 1200 minuma
1189 1147 1272 1192 mest

637 1266 817 1293 mmbu

176 1369 210 1414 Bt
227 1366 313 1415 cithu
323 1363 437 1442 elsam
446 1365 509 1443 vat.
520 1366 582 1431 dno,
596 1367 629 1418 B.
639 1369 682 1418 W.
692 1376 887 1433 superaus-68
903 1373 956 1424 nu
967 1373 1063 1428 B.—6⁵
1080 1386 1170 1442 mi
1180 1381 1228 1448 Eg.
1238 1383 1272 1435 Ρ.

174 1435 244 1480 -ω
259 1430 416 1482 huma
426 1431 520 1480 Warta.
535 1431 585 1496 lig.

671 1511 781 1561 NOTAE

209 1624 243 1669 so
259 1618 423 1683 zianensi]
439 1617 593 1667 Parabolam
608 1618 706 1669 Christi
745 1620 879 1686 trepidius,
899 1639 986 1675 semen
1012 1627 1104 1679 axilios
1126 1633 1152 1681 in
1174 1634 1271 1685 cortica

176 1694 706 1759 sleriuniinqosnrleginosapndlliatth.
746 1698 873 1760 aculeato,
899 1697 989 1752 florem
1016 1712 1101 1754 autem
1128 1707 1274 1773 subpnrpn.

176 1769 613 1835 annunsdfloereucosrererr.
631 1771 706 1820 Ziza·
745 1785 827 1822 mum.
861 1772 901 1824 Ac
913 1776 1002 1826 rltinrn
1014 1787 1054 1830 est
1072 1781 1162 1846 tritici,
1172 1784 1273 1836 hordei·

176 1849 248 1898 nium
260 1862 321 1898 sero
330 1846 442 1910 effigiem
451 1846 528 1896 hahet
535 1845 631 1896 horolen
639 1846 705 1896 haud
745 1861 805 1910 que,
824 1847 902 1898 nimis
919 1850 969 1902 loci
989 1852 1084 1919 uligine
1101 1861 1228 1924 corrupti,
1244 1867 1272 1911 et

176 1923 338 1987 diurnum,
353 1925 399 1974 seu
414 1922 503 1974 lolium
519 1923 663 1987 augurius,
677 1931 706 1975 et
745 1921 840 1986 pluviis
851 1922 935 1977 diluti.

465 2289 704 2356 HISTORIA
726 2291 988 2358 HAERESUM.

591 2437 651 2516 [nx
666 2436 714 2497 eu.
731 2437 857 2517 verpa]

177 2544 217 2606 ln
231 2544 289 2605 hoc
302 2546 376 2607 libro
389 2568 442 2607 ser
455 2547 584 2610 haereses
598 2562 752 2630 oppugnat
766 2550 955 2625 Prudentius,
970 2561 1000 2611 et
1013 2552 1136 2619 refutat:
1158 2550 1195 2611 de
1207 2550 1273 2630 qui·

176 2642 234 2702 bus
252 2642 322 2701 mihi
347 2644 489 2705 nonnulla
509 2645 638 2706 dicenda
662 2657 741 2719 sunt,
761 2658 796 2707 ut
819 2647 933 2713 facilius
959 2646 1159 2725 intelligentur
1181 2646 1273 2707 nostri

177 2736 280 2797 Poste
295 2742 573 2818 argumentationes,
586 2761 655 2819 quse
670 2740 833 2819 sepissime
847 2762 866 2801 a
887 2742 978 2801 sacris
994 2742 1097 2801 Bibliis
1116 2760 1273 2801 assumun-

176 2840 237 2893 tur.

531 2949 582 2995 ΒΕ
606 2946 935 2997 PATRlPASSlANlS·

177 3061 295 3123 Parrus
310 3063 401 3143 igitur
413 3076 461 3126 est
473 3086 585 3139 eorum,
594 3067 698 3146 quivel
712 3067 800 3139 duas,
809 3065 854 3126 rel
870 3077 928 3127 tres
943 3066 1023 3145 ipsas
1037 3066 1189 3125 Trinitatis
1204 3066 1274 3127 Per·

118 3176 123 3184 ’
177 3176 270 3218 sonas
283 3159 313 3217 in
328 3178 418 3219 unam
428 3160 635 3221 contundunt:
656 3160 731 3222 adeo
744 3170 778 3221 ot
787 3162 904 3221 Patrem
915 3180 982 3221 esse
996 3179 1118 3240 passum
1129 3170 1273 3223 usemnt.

177 3254 276 3322 Quam
304 3257 503 3335 propugnavit
528 3256 731 3317 vehementius
761 3256 876 3317 No'e'tus
902 3255 1059 3335 Ephesius,
1080 3265 1121 3315 ut
1148 3265 1275 3318 testatur

177 3348 364 3428 Epiphanius
387 3350 498 3412 Haeret.
520 3354 570 3411 67.
584 3351 636 3411 ubi
658 3352 732 3411 satis
751 3350 832 3412 haud
857 3362 1012 3412 accuratus
1037 3362 1094 3422 est,
1117 3371 1185 3412 cum
1206 3363 1274 3413 ante

178 3444 309 3504 No‘e'tum
324 3446 426 3504 scribit
446 3448 591 3507 neminem
612 3446 703 3506 talem
726 3446 862 3507 haeresim
885 3448 1043 3507 invexisse.
1084 3449 1145 3507 Sub
1164 3465 1274 3507 annum

178 3540 292 3599 Christi
315 3542 386 3601 245.
408 3541 523 3603 Noetus
542 3543 666 3623 prodiit.
707 3545 786 3603 Ante
812 3544 869 3603 hoc
892 3563 962 3603 vero
987 3554 1103 3622 tempus
1134 3543 1196 3619 jam
1223 3540 1275 3601 illa

177 3633 304 3695 haeresis
314 3646 379 3697 erat
390 3636 501 3699 audite.
533 3639 737 3716 Hermogenes
748 3639 827 3697 enim
835 3637 912 3697 idern
924 3637 1075 3707 docuerat,
1084 3647 1114 3695 et
1123 3635 1273 3703 Praxeasr

177 3751 269 3810 quem
283 3732 428 3793 Praxean
442 3733 584 3812 singulari
598 3733 705 3792 refellit
718 3733 793 3791 libro
806 3730 1014 3791 Tertullianus.
1055 3730 1187 3808 lgnatins
1201 3750 1275 3808 quo·

177 3845 240 3907 que
252 3826 292 3886 ad
304 3827 508 3907 Philippenses
522 3829 655 3889 scribens
668 3832 748 3906 (quae
763 3826 887 3907 epistola
903 3828 978 3887 inter
992 3836 1103 3905 septem
1117 3827 1154 3885 ab
1169 3826 1274 3885 Hiero·

180 3941 272 4002 nymo
296 3923 338 3983 illi
359 3924 503 4003 ascriptas
527 3922 645 3983 minima
668 3926 819 3999 cenatur)
846 3921 978 4002 ejusdem
1002 3922 1180 3980 mentionem
1205 3920 1276 3981 iacit

178 4021 296 4084 anons.
338 4020 476 4099 Denique
488 4018 668 4080 Athanasius
682 4020 712 4077 in
725 4018 800 4078 libro
813 4017 852 4077 de
873 4016 999 4077 Salutari
1010 4016 1148 4075 Adventu
1164 4017 1275 4077 Christi

178 4116 271 4180 refert
295 4116 487 4179 Valentinum
514 4115 751 4195 antiquissimum
777 4115 947 4175 haimricum
975 4122 1066 4173 totam
1103 4112 1274 4173 Trinitatem

178 4231 302 4292 mam
322 4230 390 4276 esse
409 4212 530 4276 dixisse.
571 4212 685 4273 Noites
710 4228 781 4289 ergo
802 4208 930 4281 Patrem,
950 4208 1067 4282 Filium,
1081 4218 1112 4268 et
1134 4209 1275 4287 Spiritum
