3034 4900
452 388 737 438 narraraaauorr
758 390 884 441 arara.
908 392 946 441 x.
1173 380 1239 446 3⁰5

153 522 260 584 babere
281 542 340 583 non
354 531 522 603 potuerunt,
542 542 652 604 proque
672 523 707 583 iia
731 523 851 585 exhibet
863 526 983 599 Auctor,
1004 547 1071 607 quoe
1093 528 1237 593 Eusebius
1288 518 1289 525 ἵ

109 680 114 691 ,
154 618 345 679 cesariensis
366 617 405 677 de
417 616 453 676 B.
473 617 531 678 hoc
545 618 674 696 Martyre
694 617 785 678 habet
801 620 853 679 lib.
879 641 919 682 11.
942 622 988 682 De
1012 622 1238 689 Resurrectione

150 726 181 775 et
194 714 377 773 Ascensione
391 713 521 784 Domini,
533 712 639 791 quibus
649 712 804 792 jungenda
812 726 911 777 monet
923 738 991 796 quoe
1005 718 1044 778 de
1056 720 1087 781 S.
1103 720 1238 783 Romano

151 811 189 869 ab
202 810 306 869 eodem
325 810 453 868 Eusebio
472 807 628 868 traduntur
650 808 701 866 lib.
717 808 763 867 De
778 810 956 889 Martyribus
977 813 1146 877 Palmatiaae
1166 838 1192 878 c.
1204 818 1237 879 ’2.

153 914 241 983 etque
254 925 292 965 ex
305 905 340 963 iis
354 904 467 983 colligit
487 923 554 963 eum
573 903 737 963 Antiochiae
761 904 881 983 quidem
896 926 1015 985 passum
1032 929 1081 969 aa.
1097 894 1165 973 303.
1183 912 1238 971 sed

151 1018 257 1078 genere
280 998 472 1059 Palmatinum
495 999 598 1070 luisse,
627 999 818 1060 Caesariensis
844 1001 986 1062 Ecclesiae
1012 1005 1178 1065 Diaconum
1207 1016 1239 1067 et

150 1090 342 1154 Exercistam.
384 1092 461 1152 Cum
489 1103 596 1165 antem,
624 1115 692 1173 qum
714 1095 752 1153 ad
781 1095 900 1156 infantis
922 1098 1096 1177 Martyrium
1121 1101 1152 1159 in
1179 1100 1238 1161 hoc

151 1185 270 1270 Hymno
290 1188 467 1250 celebratum
487 1189 643 1267 pertinent,
664 1189 693 1247 in
715 1200 818 1249 neutro
841 1191 956 1251 Eusebii
978 1193 1045 1253 loco
1065 1194 1239 1266 habeantur,

152 1303 246 1350 euax
260 1284 420 1344 Prudentia
443 1296 544 1343 nostro
564 1284 690 1364 supplet.
732 1285 829 1363 Atque
851 1286 909 1347 hoc
924 1289 1043 1347 Eusebii
1067 1289 1104 1349 de
1127 1290 1238 1351 infante

153 1376 298 1438 silentium
310 1379 464 1458 potissima
486 1390 532 1438 est
546 1378 663 1439 Beronii
683 1379 769 1450 ratio,
790 1399 849 1458 qua
871 1382 901 1439 in
920 1381 1007 1441 Notis
1030 1382 1068 1441 ad
1083 1384 1238 1463 Martyrul.

152 1470 239 1533 Rom.
253 1493 325 1535 xrr.
336 1474 397 1534 kal.
413 1474 584 1533 Decembris
599 1474 721 1551 probare
733 1484 856 1533 conatur
870 1475 945 1535 duos
961 1476 1111 1537 Romanos
1126 1478 1238 1559 Marty-

151 1586 198 1627 res
208 1570 338 1629 extitisse
353 1569 455 1629 cadem
469 1569 499 1627 in
515 1568 653 1638 Ciuitate,
667 1568 770 1627 eadem
782 1567 839 1642 die,
853 1580 942 1648 atque
955 1569 1059 1631 eodem
1072 1572 1173 1631 mortis
1188 1594 1239 1653 ge-

153 1682 221 1723 nere
242 1663 374 1736 affectos,
389 1664 547 1742 exquibus
569 1682 659 1721 unum
674 1661 851 1722 Prudentius
866 1663 973 1743 aliique
988 1664 1127 1745 deinceps
1142 1667 1239 1747 Scrip-

151 1768 230 1818 tores
241 1760 404 1819 conflarint.
445 1760 520 1828 Quae
533 1757 680 1817 sententia
694 1756 847 1817 Ruinartio
861 1776 963 1838 parum
977 1762 1126 1838 probatur,
1149 1780 1237 1839 quem

151 1851 231 1912 vide.
272 1853 400 1913 Baronio
420 1853 571 1931 astipulari
587 1861 658 1910 sunt
669 1851 886 1911 Chamillardus
902 1864 933 1913 et
947 1854 1102 1927 Cellarius,
1123 1856 1181 1915 alia
1194 1866 1239 1916 ta·

152 1966 219 2006 men
239 1945 321 2006 ducti
341 1949 462 2021 ratione,
483 1947 535 2006 sed
554 1946 642 2025 plane
659 1946 783 2006 infirma.
825 1948 980 2020 Eusebius,
1006 1951 1097 2020 aiunt,
1119 1949 1170 2009 lib.
1191 1940 1240 2010 De

152 2040 274 2101 Pnloest.
297 2042 474 2121 Martyribus
496 2062 524 2102 c.
546 2046 576 2102 2.
601 2042 726 2103 Romani
750 2042 925 2122 Martyrium
952 2044 1112 2122 contigisse
1141 2043 1242 2104 scribit

153 2157 221 2198 cum
239 2138 403 2197 vicennalia
423 2138 575 2208 instarent,
597 2158 656 2217 quo
682 2137 900 2197 Diocletianum
928 2140 1134 2219 Imperatorem
1155 2149 1239 2199 nota-

152 2234 204 2293 rit.
245 2231 421 2293 Pmdentius
446 2252 515 2292 vcro
536 2233 685 2293 Galerium
709 2242 774 2292 tum
797 2232 935 2311 temporis
960 2233 1110 2313 imperium
1130 2234 1241 2294 rexisse

153 2328 245 2389 tradit
257 2347 301 2388 vs.
312 2330 363 2388 al.
402 2328 516 2401 Verum,
528 2328 622 2389 facilis
636 2329 788 2408 responsio
803 2339 858 2389 est.
899 2329 974 2387 Cum
996 2348 1075 2389 anno
1094 2330 1162 2389 303.
1181 2348 1241 2408 quo

155 2424 295 2485 excitato
313 2422 433 2482 &aebli
451 2421 518 2483 loco
532 2423 684 2483 Romanus
700 2422 872 2503 Martyrium
890 2442 997 2504 passus
1018 2434 1075 2496 est,
1096 2424 1241 2496 Galerius,

154 2519 224 2579 licet
246 2517 377 2579 nondum
391 2518 552 2598 imperator
570 2529 601 2578 et
614 2520 778 2597 Augustus,
799 2519 901 2578 Ceasar
914 2530 1013 2579 tamen
1036 2531 1126 2591 esset,
1146 2521 1242 2597 potuit

155 2624 185 2674 et
198 2614 359 2694 Imperator
378 2623 410 2675 et
422 2615 575 2691 Augustus
588 2614 760 2692 nuncupari,
780 2612 929 2692 quomodo
939 2631 1006 2672 eum
1020 2615 1089 2692 ipae¹
1095 2615 1239 2675 Eusebius

155 2709 285 2791 appellat
304 2708 355 2769 lib.
371 2729 449 2768 vrrr.
470 2708 582 2768 Hister.
597 2709 679 2769 Eccl.
695 2709 744 2768 ubi
765 2708 827 2786 agit
848 2707 886 2768 de
906 2707 1108 2787 persecutione
1129 2727 1148 2768 a
1169 2709 1241 2769 Dio·

153 2805 281 2866 eteriano
294 2815 326 2865 et
340 2804 519 2864 Maximiano
529 2804 667 2863 excitata.
709 2802 788 2862 Addi
809 2803 897 2864 ctiam
918 2813 949 2862 et
966 2802 1039 2862 illud
1052 2813 1158 2882 potest,
1173 2804 1240 2864 ideo

155 2899 348 2961 aPrudentio
362 2900 512 2959 Galerium
521 2899 629 2978 potius,
649 2899 719 2959 licet
729 2899 861 2958 nondum
871 2901 1048 2977 Augustum,
1060 2899 1240 2959 nominatum

154 2997 258 3068 fuisse,
279 3015 339 3055 non
353 2995 580 3067 Diocletianum,
600 2995 670 3073 quia
682 2994 748 3072 ejus
765 2994 977 3072 persecutionis
992 2993 1040 3051 lax
1054 2992 1117 3071 ipse
1131 3007 1161 3052 et
1171 3013 1241 3054 con·

156 3093 262 3153 citatur
280 3092 385 3152 luerat.
427 3092 459 3150 S.
474 3090 599 3149 Romani
621 3089 761 3168 Martyris
780 3087 948 3147 memoriam
969 3086 1048 3167 apud
1071 3087 1191 3148 Graecos
1211 3101 1243 3152 ct
1333 3163 1337 3172 Ι

156 3187 277 3248 Latinos
287 3187 430 3247 celebrem
444 3184 513 3245 olim
528 3185 630 3257 luisse,
647 3193 754 3262 praeter
768 3183 889 3261 antiqua
899 3202 1024 3262 qumque
1040 3191 1070 3242 et
1080 3185 1243 3246 recentiora

156 3281 329 3360 Meoclogia
341 3290 372 3340 et
385 3279 605 3359 Martyrologia,
625 3280 751 3358 probant
766 3279 939 3338 Sanctorum
950 3277 1071 3337 Petrum
1088 3281 1241 3357 opuscula,

156 3377 185 3442 in
199 3377 307 3455 quibua
322 3374 359 3435 de
372 3395 408 3434 eo
417 3394 483 3435 cum
494 3373 581 3434 laude
592 3374 793 3434 meminerunt.
835 3373 912 3433 Nam
922 3373 1137 3434 hunccelebrat
1148 3376 1241 3456 Chry·

157 3481 230 3532 aest.
244 3471 329 3530 Tom.
344 3490 368 3530 r.
380 3471 464 3529 Orat.
479 3473 530 3530 43.
541 3473 591 3529 44.
634 3469 742 3530 Euseb.
753 3465 925 3530 Gallicanus
937 3471 1030 3530 Serm.
1044 3472 1094 3529 50.
1108 3469 1191 3529 Tom.
1208 3490 1241 3532 v.

156 3565 294 3627 Biblioth.
309 3564 438 3635 Petrum,
447 3583 482 3624 ac
496 3561 691 3622 Theodoritus
706 3563 800 3642 Epist.
818 3567 884 3623 135.
899 3563 937 3623 ad
951 3562 1134 3622 Timotheum
1156 3563 1241 3640 Epis-

158 3680 276 3740 copum.
316 3660 372 3719 His
392 3658 574 3738 adjungendi
594 3666 664 3717 sunt
677 3657 831 3735 Hispanici
847 3657 950 3718 Patres
971 3659 1001 3715 iu
1020 3657 1127 3717 celebri
1140 3657 1241 3716 Muza-

157 3758 261 3818 rabum
276 3754 400 3828 Missali,
423 3756 474 3815 ubi
488 3756 564 3815 sicut
577 3764 608 3812 et
619 3753 650 3812 in
671 3748 890 3833 Martyrologiia
910 3763 941 3813 et
954 3751 1079 3812 Menoeia
1094 3751 1143 3812 die
1166 3772 1239 3813 xrv.

158 3853 219 3915 kal.
233 3851 404 3912 Decembris
418 3848 544 3911 Romani
558 3847 664 3908 fastum
676 3847 823 3908 recolitur.
