3034 4900
321 381 387 448 88ss
671 397 832 446 sunnon
856 394 1068 446 eauuan'rn

323 538 628 601 arbitratum.
669 537 778 598 Verum
798 557 865 614 pum
886 539 1034 599 sententia
1054 539 1118 598 bico
1131 537 1213 598 nullo
1229 538 1458 618 antiquitati

321 635 490 696 testimonio
497 635 712 714 comprobetur,
724 634 884 694 Prudentio
896 635 994 713 potius
1003 636 1064 695 viro
1074 633 1267 712 antiquitate,
1280 633 1458 695 doctrine

321 740 353 790 et
374 730 541 790 sinceritate
560 729 733 801 clarissimo,
756 748 844 807 quam
867 748 1007 790 novorum
1033 729 1212 808 Scriptorum
1237 728 1454 806 conjecturi

322 825 460 884 standum
474 834 615 904 putarunt
625 823 811 886 eruditissimi
820 824 872 883 viri
886 825 1022 885 Ruinart.
1035 825 1100 886 Act.
1110 825 1190 884 MM.
1204 845 1234 904 p.
1252 827 1339 884 143.
1356 825 1455 886 Tille

292 953 295 958 -
322 920 452 982 montius
466 920 499 979 Τ.
516 940 570 980 ιιι.
586 921 669 979 Mon.
684 918 762 980 Hist.
778 919 859 978 Eccl.
874 941 904 1000 p.
919 922 988 980 675.
1005 920 1159 980 Ceillerius
1176 920 1297 1000 Script.
1315 919 1458 980 Ecclcs.

322 1017 358 1077 Τ.
368 1033 430 1075 ιιι.
444 1037 474 1096 p.
489 1017 557 1074 527.
569 1023 600 1073 et
613 1015 742 1075 omnium
756 1013 932 1074 novissimus
952 1015 1167 1076 Constantinus
1179 1015 1379 1094 Huggerius
1395 1034 1458 1093 pe·

322 1111 425 1172 culiari
440 1109 653 1170 Dissertatiooe
666 1108 712 1170 De
727 1109 882 1170 Portueosi
905 1112 936 1170 S.
951 1111 1104 1190 Hippolyti
1125 1110 1202 1170 Sede
1216 1111 1342 1172 Romoe
1369 1109 1458 1168 edit.

323 1227 372 1268 so.
386 1208 473 1266 1771.
514 1205 594 1266 Licet
615 1205 704 1284 igitur
725 1205 924 1264 concedamus
949 1205 1022 1264 alios
1048 1224 1176 1284 quoque,
1196 1215 1319 1285 proeter
1344 1205 1454 1276 hunc,

324 1301 503 1382 Hippolytos
521 1301 624 1372 fuisse,
637 1320 712 1380 quos
724 1299 859 1360 Ecclesia
880 1300 1004 1380 suscipit
1017 1319 1051 1358 ao
1065 1311 1231 1371 veneratur,
1251 1321 1324 1361 non
1341 1301 1448 1360 elium

323 1405 423 1456 tamen
441 1397 629 1475 agnoscimus
654 1394 846 1475 Hippolytum
867 1397 895 1455 in
915 1396 971 1455 hoc
996 1393 1148 1453 Prudentii
1170 1393 1311 1474 Hymno,
1341 1415 1444 1473 quam

324 1491 515 1552 Portuensem
530 1491 690 1569 Martyrem
703 1490 933 1560 celeberrimum,
949 1483 1196 1560 ruthenensis,
1211 1507 1285 1566 quoe
1301 1507 1322 1548 a
1336 1489 1442 1548 Pois'ta

322 1586 496 1651 reseruntur,
511 1585 618 1664 optime
633 1597 799 1664 competere
813 1586 1022 1645 existimamus.
1063 1586 1106 1643 Ac
1126 1585 1150 1642 si
1170 1583 1337 1655 nonnulla,
1361 1604 1435 1662 quoe

324 1680 362 1739 de
385 1680 442 1739 hoc
464 1678 627 1758 Hippolyto
653 1691 753 1739 narrat
774 1680 952 1739 Prudentius
978 1681 1006 1738 in
1028 1677 1239 1739 recentioribus
1261 1679 1431 1759 Martyrol.

324 1775 389 1834 aliis
403 1772 537 1853 ejusdem
551 1774 676 1832 nominis
688 1773 868 1852 Martyribus
881 1775 1056 1846 tribuuntur,
1073 1773 1127 1835 bos
1142 1774 1240 1852 potius
1256 1793 1329 1833 oum
1347 1775 1429 1834 Nos·

324 1879 371 1929 tro
393 1867 535 1928 confusos
557 1867 659 1940 fuisse,
681 1867 763 1927 lraud
791 1880 899 1928 temere
923 1869 1059 1929 affirmari
1084 1889 1171 1948 posse
1192 1867 1325 1941 videtur,
1357 1889 1424 1928 cum

287 2042 291 2049 .
323 1963 397 2025 nibil
417 1963 478 2022 tale
499 1963 529 2020 in
552 1963 765 2042 antiquioribus
790 1963 976 2024 Kalendariis
1001 1973 1151 2045 appareat.
1193 1963 1348 2043 Quicquid
1373 1966 1421 2040 sit,

324 2071 437 2124 certum
457 2078 495 2118 ex
514 2057 677 2119 Prudentio
698 2071 754 2132 est,
779 2060 867 2139 hujus
889 2061 981 2120 nostri
1004 2060 1157 2141 Hippolyti
1181 2061 1290 2120 testum
1314 2061 1418 2122 Romae

326 2158 402 2218 ldib.
417 2157 495 2234 Aug.
517 2154 697 2215 celebratum
718 2156 811 2215 fuisse
833 2165 928 2228 tanta,
948 2175 1006 2214 non
1033 2157 1128 2215 solum
1149 2153 1255 2234 Populi
1280 2157 1417 2230 Romani,

324 2249 377 2309 sed
391 2260 423 2308 et
435 2263 600 2309 exterorum
619 2251 707 2309 etism
730 2269 766 2309 ac
789 2249 877 2328 longe
891 2249 1052 2328 positorum
1068 2250 1243 2327 frequentia,
1265 2261 1298 2310 ut
1314 2253 1413 2311 mirum

324 2343 415 2406 videri
428 2344 546 2416 debeat,
567 2345 607 2403 ita
622 2347 869 2424 subsequentibus
884 2346 1060 2423 temporibus
1076 2345 1138 2423 ejus
1153 2345 1264 2404 cultum
1284 2346 1411 2405 imminui

323 2441 467 2523 potuisse,
486 2449 521 2500 ut
538 2437 627 2499 modo
645 2440 695 2499 vix
716 2452 804 2501 notus
825 2441 854 2501 in
876 2443 947 2503 urbe
962 2441 1009 2503 sit.
1052 2439 1163 2503 Passus
1177 2452 1224 2503 est
1236 2442 1349 2505 circiter
1362 2464 1407 2504 au.

324 2540 393 2597 21⁰.
410 2536 543 2595 Deciana
556 2534 776 2596 Persecutiooe.

263 2902 270 2916 ⁹
358 2924 412 2973 Xl.
457 2924 585 2973 tassio
608 2926 812 2975 urttoat'tt
841 2924 1038 2975 Mentitus
1061 2930 1112 2975 An
1138 2930 1378 2981 VALERlANUH

760 3028 981 3077 ttttsooturt.

325 3127 449 3188 Exposito
461 3127 565 3178 insolito
581 3128 700 3193 supplicii
711 3142 817 3193 genere,
830 3143 880 3193 quo
891 3128 932 3179 hio
950 3129 1051 3192 Mertyr
1062 3128 1173 3181 affectus
1189 3130 1237 3181 fuit
1247 3132 1311 3198 (usn
1322 3134 1350 3185 ab
1361 3134 1392 3183 in·

357 3206 459 3255 domitis
470 3208 552 3272 equis,
562 3205 652 3272 quibas
664 3207 784 3271 alligetur
795 3204 890 3269 luerst',
901 3222 949 3271 per
965 3208 1115 3259 carduetum
1136 3218 1162 3260 et
1182 3213 1281 3262 tribulos
1296 3220 1390 3273 tructos,

358 3297 389 3332 sc
409 3290 463 3334 toto
474 3300 582 3349 corpore
594 3287 722 3337 laceratus
741 3295 770 3337 et
789 3286 816 3335 in
835 3285 916 3335 truste
935 3286 1066 3345 discissus,
1083 3288 1204 3354 interiit),
1221 3298 1302 3342 norrrt
1319 3292 1389 3341 Poits

356 3376 480 3412 rumorum
493 3364 694 3414 cbristlanorum
706 3364 819 3415 studium
839 3366 864 3413 in
882 3366 1065 3430 conquirendis
1077 3368 1202 3433 Martyris
1213 3372 1322 3435 reliquiis,
1331 3372 1387 3435 rjus·

357 3456 500 3505 quotanus
510 3443 685 3493 recordmiooe
697 3443 863 3507 celebranda,
874 3444 948 3507 cujus
959 3445 1143 3497 intercessione
1155 3464 1183 3498 so
1194 3465 1285 3515 qnoque
1294 3450 1386 3514 plurimu

358 3521 426 3586 apud
438 3522 693 3575 Denmeonsecstonr
703 3522 785 3575 foisse
797 3531 917 3575 testator.

326 3617 555 3710 luminarios
569 3620 697 3687 cineres
710 3621 910 3686 Sanctorum
925 3620 1075 3688 Romula
1087 3626 1120 3688 in
1135 3626 1214 3689 urbe

369 3718 539 3799 Vidimus,
552 3741 574 3787 o
588 3722 712 3787 Christi
727 3722 907 3790 Valeriane
923 3744 1029 3791 sacer.

315 3890 320 3901 .
360 3852 417 3902 Vidi
428 3853 539 3917 Restm
549 3854 890 3920 Voleriusisclytcepissrpr,
898 3856 1079 3921 quamplurimos
1085 3862 1217 3909 mamm
1226 3864 1316 3913 linoln.
1332 3864 1379 3920 lira

807 3968 914 4019 NOTAE

360 4058 456 4109 Mirum
474 4070 516 4112 est
533 4063 601 4128 qood
623 4064 782 4115 Prudentius
807 4066 854 4114 tri·
893 4072 938 4114 eet
949 4066 1047 4129 militis,
1059 4080 1134 4131 quem
1146 4076 1245 4118 sanctos
1256 4070 1376 4121 nirenta

328 4147 370 4183 um
385 4134 585 4199 Hippolytorum
596 4137 674 4199 t'aots,
691 4142 764 4203 qussi
780 4141 853 4189 unius
893 4138 1035 4203 baptisavit
1045 4159 1053 4203 ς
1065 4143 1375 4211 Hippolytipnsbyterillo·

328 4213 430 4259 tantum
450 4212 612 4274 armarerit3
629 4213 764 4277 Hippolyti
784 4214 853 4264 scill-
892 4216 1012 4282 dochini,
1039 4228 1115 4282 etque
1144 4220 1267 4285 Hippolyti
1284 4225 1372 4289 episcopi
