3034 4900
591 431 799 480 rnnrsrro.
1199 424 1243 488 37

35 601 36 604 ¹
142 589 181 636 ea
193 577 323 636 tanturn
337 576 489 637 sectatus
504 579 556 636 est
570 571 758 652 Giselinns,
774 595 850 659 qaue
865 579 1010 642 omnium
1034 584 1127 644 erant
1145 581 1242 646 facil·

143 673 231 751 lima,
252 679 289 737 et
308 673 442 738 minime
456 674 544 739 scitu
560 676 761 754 necessaria,
776 678 894 761 lapsus
911 680 944 743 in
960 681 1073 745 multis
1088 681 1191 746 etiarn
1208 690 1242 749 et

141 775 364 840 hallucinatus
376 782 438 842 est.
482 773 584 840 Mitto
599 776 684 840 alias
708 778 794 842 duas
809 779 985 846 Editioues
999 781 1108 847 forma
1120 785 1238 850 minor.

142 877 183 942 ab
195 896 236 942 eo
255 883 389 944 curetas
402 877 545 944 Parisiis
568 899 622 944 an.
651 881 742 946 1566.
767 891 802 948 et
817 883 1020 966 Lugd.·Bat
1039 886 1137 951 15911
1160 905 1239 970 qrrae

35 1017 36 1066 p
141 977 221 1044 nihil
235 979 359 1044 hahent
372 981 550 1062 singulare.
595 981 705 1048 Unam
727 991 763 1049 et
775 984 913 1050 aiteram
928 987 973 1051 ab
991 988 1133 1066 nemine,
1149 989 1238 1071 quod
1317 1041 1325 1056 .

140 1081 257 1160 sciam,
272 1081 537 1161 animadversas,
562 1085 615 1148 hic
641 1085 830 1168 subjiciam.
856 1087 962 1165 Prior,
989 1108 1066 1173 qnae
1090 1090 1238 1156 Basilear

139 1203 213 1248 cum
228 1184 305 1250 eliis
319 1183 520 1250 Christianis
535 1185 653 1254 Poetis
663 1207 723 1271 per
733 1186 831 1253 Joan.
843 1188 1030 1274 Oporinum
1044 1191 1170 1275 prodiit
1182 1211 1237 1257 an.

139 1284 232 1350 1564.
244 1284 278 1349 8.
322 1283 441 1351 Altera
463 1307 538 1370 qnae
559 1285 668 1352 Galeri
685 1288 824 1370 vulgata
843 1291 1244 1376 cstan.157d.8.apud

140 1386 352 1454 vincentium
366 1388 591 1467 Semhenium,
606 1407 705 1473 quam
721 1389 777 1454 hic
801 1390 837 1454 in
863 1391 952 1456 Bibl.
976 1390 1049 1455 ΡΡ.
1064 1390 1237 1456 Minimor.

139 1491 173 1556 in
188 1489 308 1554 Monte
322 1488 443 1555 Pincio
458 1490 576 1575 reperi.
620 1491 697 1556 Prae
715 1490 875 1555 hactenns
895 1491 1098 1555 enumeratis
1114 1499 1234 1556 aneto·

137 1593 240 1671 rihns,
256 1592 315 1674 qni
327 1593 363 1656 in
379 1591 595 1656 Prudentinm
612 1592 740 1676 aliquid
754 1593 974 1671 contulerunt,
998 1593 1164 1658 utiliorem
1179 1612 1236 1658 na

137 1695 227 1760 ravit
240 1712 379 1777 operam
394 1692 494 1758 Joan.
508 1693 674 1758 Wcitnins
688 1695 800 1777 elapsi
814 1695 933 1759 saeculi
955 1695 1153 1774 Philologus
1166 1714 1234 1760 non

35 1865 36 1868 ,
135 1794 406 1862 contemnendus.
429 1795 518 1860 Nem
530 1795 881 1861 nonsolnmvetnstos
896 1795 1071 1862 Prudentii
1087 1795 1234 1864 Codices

136 1899 218 1963 bene
243 1897 370 1964 multos
393 1897 556 1975 excussit,
582 1916 624 1961 ac
647 1898 832 1962 lectionum
855 1898 1068 1964 variantium
1082 1899 1235 1983 syllogen

135 2020 179 2064 ex
194 1999 313 2064 iisdem
330 2000 543 2065 concinnavit
564 2000 599 2063 in
620 2019 703 2064 usus
727 2001 896 2084 publicos,
917 2001 1148 2066 verumetiam
1163 2020 1234 2067 onr-

135 2103 225 2167 ninm
239 2109 318 2168 ante
329 2122 367 2167 se
388 2103 540 2186 vulgatas
563 2103 600 2167 in
618 2102 840 2167 Prudentium
861 2102 975 2166 Notas
988 2103 1134 2185 collegit,
1150 2122 1233 2170 snos

134 2204 277 2284 addidit,
291 2223 418 2287 easque
433 2223 497 2268 nou
512 2204 660 2283 inutiles,
674 2203 728 2269 vel
749 2205 793 2268 ob
808 2204 874 2268 hoc
889 2204 1019 2283 saltam,
1035 2204 1126 2287 quod
1140 2210 1233 2269 vete·

133 2325 203 2370 rum
219 2305 406 2372 Auctorem
419 2305 513 2370 locos
534 2307 569 2370 in
584 2303 729 2370 medinm
743 2305 928 2370 adducunt.
976 2304 1056 2369 Dno
1070 2306 1231 2370 tamenin

132 2407 195 2475 hac
211 2409 287 2495 ejus
301 2409 469 2489 Editione,
480 2425 559 2492 qum
569 2407 741 2475 Honorias
753 2409 845 2492 typis
857 2404 1089 2473 wechelianis
1100 2425 1232 2474 excusa

130 2510 195 2579 fnit
208 2530 264 2577 an.
287 2511 382 2579 16111.
407 2511 438 2577 8.
462 2510 674 2594 reprehendit
697 2508 861 2575 Heinsius
887 2510 924 2574 in
948 2529 1013 2575 sna
1040 2508 1142 2573 Praei
1186 2510 1232 2574 Et
1327 2582 1329 2586 .

131 2614 221 2699 quod
236 2616 273 2680 in
288 2633 331 2680 ea
343 2613 585 2698 orthographiae
602 2614 698 2691 ratic,
712 2618 751 2677 ut
769 2613 949 2696 plurimum
972 2612 1107 2677 turbata
1126 2612 1183 2689 sit,
1197 2617 1232 2677 et

131 2718 220 2802 quod
242 2718 277 2782 in
301 2716 522 2799 discrepantis
546 2716 731 2799 scripturae,
748 2714 883 2779 delectu
911 2712 1141 2796 expectationi
1156 2731 1229 2776 suar

130 2840 251 2905 parum
265 2818 434 2885 Weitzius
449 2817 656 2903 responderit
669 2837 679 2896 3
706 2815 809 2900 adjici
832 2823 869 2879 et
888 2814 973 2879 illud
993 2819 1117 2899 posset,
1139 2821 1230 2881 vete·

129 2942 201 2987 rnm
217 2920 411 3001 Auctornm,
427 2922 565 2988 Petrum
580 2921 777 3004 praesertim,
792 2920 879 2995 loca,
894 2938 970 3001 quae
984 2916 1120 3001 profert,
1136 2916 1228 2983 nnllo

128 3024 231 3091 imme
245 3044 323 3089 esse
337 3025 425 3103 usui,
441 3021 530 3107 quod
542 3042 587 3088 ex
601 3023 750 3105 ipsorum
767 3021 926 3104 operibus
940 3019 1172 3103 supposititiis
1186 3038 1227 3083 ac

130 3127 255 3211 spuriis
271 3126 449 3209 desumpta
467 3125 666 3208 plerumque
693 3123 770 3186 sint
816 3120 945 3185 Prretar
966 3118 1153 3184 comment.
1176 3118 1230 3182 Si·

129 3228 259 3307 ohardi,
276 3226 473 3293 Nebrissen.
497 3226 642 3304 Eresmi
664 3223 820 3307 Spigelii,
845 3229 879 3287 et
903 3221 1059 3299 Giselini,
1080 3239 1225 3304 quorum

124 3331 195 3415 jam
210 3330 351 3395 tulimus
359 3330 537 3414 judicium,
553 3334 729 3393 occurrunt
742 3328 777 3391 in
799 3326 863 3391 hac
886 3324 1095 3389 Collectione
1120 3320 1227 3388 Geor·

128 3435 172 3515 gii
195 3432 358 3510 Fabricii,
373 3430 498 3496 Adami
521 3437 556 3498 ct
575 3428 746 3495 Theodori
773 3427 894 3505 Siberi,
921 3425 1021 3491 Joan.
1046 3424 1226 3501 Mmmelii,

127 3534 264 3619 Georgii
280 3534 390 3611 Remi,
405 3532 553 3619 Andreae
566 3532 718 3611 Wilchii,
733 3538 768 3596 et
783 3529 892 3594 Isonii
918 3528 1075 3611 Magistri
1088 3527 1225 3609 exposi-

127 3639 239 3703 tiones
254 3642 287 3701 et
300 3644 403 3715 notes,
418 3636 541 3720 quihus
561 3654 606 3700 ex
625 3633 873 3717 interpretibus,
888 3633 919 3696 si
934 3632 1088 3696 isonium
1100 3636 1137 3692 ct
1159 3626 1224 3690 Fa-

126 3740 268 3805 bricium
283 3740 449 3822 excipias,
464 3738 569 3805 ceteri
589 3757 706 3801 omnes
730 3737 841 3801 omitti
861 3732 1034 3801 commode
1049 3736 1226 3815 poterent;

127 3850 184 3907 ent
198 3843 286 3907 enim
309 3861 409 3907 unum
432 3842 596 3906 duntaxat
619 3836 744 3922 Hymn.
768 3835 985 3902 commentati
1009 3840 1101 3908 sunt,
1115 3838 1173 3895 eut
1187 3832 1223 3896 in

129 3942 299 4029 Hymos,
315 3944 379 4008 tria
393 3942 449 4007 vel
464 3950 620 4026 quatuor,
634 3940 735 4005 verba
749 3958 811 4003 sex
826 3936 992 4003 interdum
1006 3933 1224 4017 protulerunt,

127 4052 184 4112 aut
210 4054 349 4130 septem,
377 4053 414 4111 ut
437 4046 471 4110 in
499 4062 637 4109 numero
656 4045 869 4127 interpretum
890 4036 1074 4121 recipiendi
1097 4056 1224 4120 nequa·

126 4168 230 4231 qnam
258 4150 339 4214 sint.
395 4148 430 4214 N
432 4168 450 4213 a
478 4148 656 4214 Fabricius
685 4144 820 4231 quidem
844 4144 880 4206 in
906 4141 1022 4207 omnia
1050 4136 1225 4205 Prudentii

63 4284 71 4301 ι
126 4248 240 4335 Opera
263 4251 528 4319 Commentarios
543 4251 703 4329 exaravit,
725 4248 787 4317 scd
812 4246 906 4312 iniis
928 4264 1004 4335 quae
1023 4239 1223 4309 illustranda
