3034 4900
590 407 797 458 rnnrsrro.
1197 399 1241 462 41

145 548 258 615 locum
281 549 448 629 dedimus,
469 551 510 616 de
531 571 600 641 quo
623 555 704 619 satis
723 554 832 622 multa
852 554 954 639 bujus
976 553 1188 621 Prset'ationis
1209 579 1241 623 c.

146 653 200 716 tl.
243 652 340 718 Licet
354 660 480 732 autern,
500 659 539 720 ut
559 674 663 739 supra
685 655 813 720 dictum
834 663 898 735 est,
920 656 955 721 in
973 659 1241 739 recognoscenda

146 755 302 832 lectione,
317 755 425 821 labori
441 754 527 820 adeo
541 775 607 820 nou
622 758 883 841 pepercerimus,
905 766 943 823 ut
964 778 1042 824 cum
1064 759 1239 825 duodecim

147 865 184 921 et
203 859 349 941 amplius
367 857 544 924 Vaticanis
565 858 672 924 Cudd.
693 859 835 925 collatio
848 860 947 925 nobis
962 861 1115 925 institute
1128 861 1241 941 fuerit,

145 959 316 1024 latendum
331 965 441 1025 tamon
455 968 520 1038 est,
542 962 714 1046 pauciora,
730 981 831 1046 quarn
852 981 931 1047 quaa
945 963 1132 1027 existimari
1146 971 1241 1047 pote·

146 1069 232 1140 rant,
247 1062 453 1129 immutanda
467 1065 673 1145 occurrisse3
695 1065 797 1150 idque
810 1065 944 1130 duabus
958 1064 1001 1129 de
1016 1064 1150 1145 causis3
1171 1085 1241 1129 una

147 1163 237 1246 quod
260 1165 415 1248 plurima,
439 1184 516 1249 qum
539 1166 764 1249 castigatione
785 1166 987 1248 indigebant,
1012 1168 1086 1231 visa
1105 1167 1178 1251 jam
1207 1171 1242 1231 et

146 1272 312 1349 occupata
322 1269 366 1332 ab
383 1267 526 1334 Heinsio
541 1266 679 1350 luerim
695 1269 802 1335 altera
816 1270 909 1353 quod
922 1269 1113 1353 frequenter
1122 1268 1241 1335 admo·

147 1365 227 1430 dum
241 1367 275 1432 in
287 1370 411 1434 nostris
426 1365 533 1434 codd.
556 1371 698 1453 aequalis
720 1371 823 1435 terme
838 1373 949 1436 astatis
964 1391 1004 1436 ac
1018 1371 1174 1455 ponderis
1190 1371 1241 1436 di·

146 1487 253 1534 rersae
270 1475 443 1534 occurrant
459 1471 631 1550 lectiones,
653 1477 722 1538 tam
737 1473 837 1538 bonae
854 1491 895 1539 ac
909 1474 1081 1557 propriae,¹
1100 1479 1135 1538 ut
1149 1491 1241 1557 qum·

146 1589 224 1634 nam
246 1569 451 1654 praeferenda
473 1573 529 1650 sit,
555 1592 623 1638 nou
645 1583 828 1657 appareat3
863 1594 932 1659 quo
958 1577 995 1638 in
1021 1595 1102 1640 casu
1132 1575 1240 1640 satius

147 1671 315 1751 duximus,
329 1678 478 1758 utraque,
500 1675 748 1762 utplurimum,
772 1677 807 1739 in
830 1675 974 1741 medium
996 1676 1154 1753 adducta,
1169 1695 1240 1740 rem
1313 1754 1319 1767 .

146 1773 308 1840 lectorum
325 1775 457 1859 judicio
479 1778 679 1861 permittere.
724 1776 848 1842 Verum
869 1796 937 1840 non
954 1777 1033 1842 ideo
1054 1780 1087 1840 in
1111 1778 1241 1842 irritum

146 1875 291 1942 laborem
307 1878 518 1963 studiumque
532 1887 684 1944 nostrum
707 1880 850 1944 cessisse
870 1879 1046 1944 dicendum
1067 1888 1141 1961 est3
1163 1899 1241 1944 nam

147 1986 270 2060 praeter
290 1980 469 2046 nonnullos
493 1989 596 2060 recte,
622 1989 660 2046 ut
681 1986 853 2064 putamus,
877 1999 942 2063 ope
965 1981 1240 2059 membranamnr,

148 2082 323 2147 restitutos
346 2083 453 2161 locos,
478 2080 614 2147 Heinsii
644 2100 781 2165 quoque
804 2082 1059 2162 castigationes,
1080 2082 1240 2146 interdum

148 2185 204 2248 uui
217 2191 344 2248 tantum
361 2185 448 2248 Mss.
461 2184 598 2262 innixae,
614 2184 752 2268 pleniori
767 2184 932 2248 Codicum
953 2189 1142 2248 nostrorum
1159 2202 1241 2247 con-

147 2303 248 2350 sensu
262 2294 297 2352 ct
311 2285 523 2365 auctoritate,
545 2285 696 2350 firmasse
717 2303 758 2349 ac
780 2284 961 2363 solidasse,
978 2302 1043 2348 non
1059 2303 1177 2366 parum
1191 2285 1240 2349 ia·

147 2387 300 2453 ciendum
328 2392 393 2453 est.
449 2387 610 2453 Fusiores
637 2405 659 2453 a
683 2385 851 2471 principio
872 2391 985 2463 notes,
1018 2403 1059 2448 ac
1087 2384 1241 2470 frequen·

147 2488 247 2554 tiores
261 2506 499 2573 apposueram,
514 2508 611 2572 quas,
628 2495 816 2572 opportune
832 2488 989 2565 monitus,
1004 2488 1067 2552 aui
1076 2490 1243 2571 expunxi,

21 2622 22 2632 ¹
147 2598 207 2657 aut
235 2592 396 2671 resecavi,
422 2600 468 2671 et,
493 2598 531 2655 ut
559 2590 688 2674 aliquid
713 2592 829 2675 potius
858 2588 1109 2667 desideraretur,
1139 2591 1241 2674 clegi,

147 2711 250 2778 quam
280 2701 318 2759 ut
349 2692 469 2758 nimius
501 2700 537 2757 et
565 2693 676 2775 gravis
707 2692 894 2775 legentibus
923 2690 1114 2757 eraderem.
1165 2692 1242 2758 Has

147 2804 259 2861 sutem
284 2794 396 2860 Notas
420 2794 584 2860 interdum
606 2814 648 2859 ex
675 2794 752 2859 aliis
778 2791 896 2859 Pottae
918 2793 1159 2876 interpretibus
1186 2814 1241 2861 me

145 2898 362 2977 desumsisse,
377 2914 439 2961 cur
453 2902 638 2980 tantopere,
653 2901 691 2960 ut
711 2894 849 2980 quidam
869 2896 1009 2972 iaciunt,
1030 2893 1242 2962 dissimulare

145 3002 298 3081 debean,
318 3020 385 3066 non
408 2999 516 3064 video.
561 2999 652 3064 Nam
675 3005 898 3083 preterquam
922 2996 1012 3082 quod
1035 2996 1241 3080 impossibile

144 3108 208 3183 est,
231 3112 269 3168 ut
289 3120 510 3187 quaecumque
532 3100 725 3167 annotanda
746 3119 900 3179 censeas,
924 3099 1143 3164 inobservata
1162 3100 1242 3167 aliis

144 3208 224 3285 sint,
239 3224 326 3271 nove
339 3211 503 3289 praterea
518 3211 557 3268 ut
570 3202 678 3281 dicas,
693 3210 783 3268 recte
798 3203 909 3267 minus
924 3202 1048 3279 dicere,
1063 3200 1130 3266 boc
1149 3202 1242 3286 inep-

144 3309 314 3376 tissimum
328 3306 410 3373 mihi
424 3304 558 3371 videtur
574 3304 867 3389 vanissimumque.
911 3304 987 3371 Nec
1009 3322 1087 3369 vero
1100 3303 1241 3388 mireris,

177 3498 190 3543 1
204 3491 236 3543 ld
245 3500 273 3543 st
282 3492 310 3543 in
324 3490 377 3541 suis
387 3488 453 3543 Mss.
469 3489 601 3541 Giselinus
616 3488 674 3539 cum
714 3489 768 3539 riu.
777 3486 895 3539 Institut.
906 3488 1030 3539 librorum
1042 3488 1180 3538 editionem
1192 3486 1243 3535 Bs-

144 3567 378 3631 snimsdsertlsset,
397 3566 544 3631 suspicatus
565 3565 627 3628 lirit,
642 3579 673 3614 es
714 3564 794 3614 lutius
815 3566 932 3629 sguoscit
954 3566 979 3613 in
997 3565 1060 3616 Not.
1076 3564 1110 3613 sd
1128 3560 1243 3626 ejusdem

144 3662 176 3698 eo
199 3653 298 3709 natum,
314 3643 383 3709 quod
401 3642 558 3694 Prudentius
576 3648 673 3705 noster,
713 3639 806 3691 librum
831 3638 864 3688 de
886 3638 1017 3689 Mortibus
1037 3644 1243 3704 persecutorum.

143 3721 673 3789 susopers,quasmicisprlmocommu-
714 3715 830 3767 Ulterius
853 3727 1006 3778 progressus
1033 3712 1165 3774 Heinsius,
1197 3710 1243 3777 qui

142 3805 290 3864 nicaserat,
308 3813 417 3866 quaque
427 3796 559 3861 descripta
570 3796 602 3847 sb
611 3796 672 3861 ipsis
714 3789 919 3843 eandemiusuis
926 3788 1081 3838 membranis
1088 3786 1243 3837 varietatem

143 3880 260 3943 fueraut,
276 3876 433 3944 postliminio
451 3873 483 3925 sd
501 3872 619 3925 incudem
632 3887 671 3922 re·
712 3866 823 3920 offendit
840 3866 969 3930 duplicem
985 3866 1074 3915 borum
1090 3863 1242 3915 Poimatum

143 3963 246 4019 sscsts,
263 3952 443 4017 recognoverit
462 3949 620 4014 diligentius,
642 3963 672 3999 ac
712 3938 1243 4009 perPrudeotiuruipsumeditionem,uou

143 4032 230 4083 denuo
241 4029 353 4081 limatius
362 4026 491 4088 ediderit3
503 4025 570 4091 quod
579 4032 607 4076 et
617 4024 674 4075 sliis
713 4020 873 4087 probabilem
886 4016 1047 4079 natumsed
1057 4023 1192 4067 etcertum
1203 4026 1242 4069 st·

143 4106 305 4160 Auctoribus
324 4103 441 4169 contigit.
474 4102 541 4153 Nsrn
558 4110 587 4152 et
602 4101 629 4152 id
640 4100 673 4151 de
712 4092 764 4163 due
785 4095 946 4159 exploratam
967 4091 1016 4142 sibi
1036 4107 1093 4143 esse
1111 4091 1242 4157 professus

140 4199 192 4236 sus
212 4180 414 4243 Metamorphosi
441 4183 565 4229 testatum
592 4176 674 4227 voluit
712 4181 753 4227 est
764 4172 791 4223 in
803 4166 922 4223 liddensi.
933 4169 1048 4235 pluribus
1060 4169 1132 4221 locis.

142 4259 267 4323 Ovidius,
289 4265 318 4307 et
333 4254 461 4321 duplicem
482 4252 610 4305 Lactantii
629 4252 674 4302 lli·
