3034 4900
286 383 333 451 80
730 396 933 449 ianuario.

286 544 411 610 Verum
424 541 454 608 si
467 561 536 607 uon
545 560 629 606 unns
644 546 771 608 tautum
786 549 844 608 ant
858 543 944 606 alter
959 540 1075 606 Poste
1084 539 1191 620 locus,
1206 542 1375 609 sedeoteri

286 662 434 730 quoque,
448 644 484 708 iu
498 643 620 726 quibus
634 643 674 709 de
685 643 808 708 Anima
822 645 979 728 loquitur,
991 645 1229 726 expendantur,
1238 643 1376 709 eviden-

286 751 335 811 ter
350 747 434 809 satis
453 745 593 827 patebit,
609 745 650 808 de
663 743 795 810 Animae
811 747 1043 830 spiritualitate
1056 743 1137 809 nihil
1150 763 1226 808 enm
1241 747 1374 810 anobis

285 845 453 911 diversum
468 846 603 910 omuino
617 846 775 910 sensisse.
818 844 1037 911 consulantur
1057 846 1217 929 postremi
1231 844 1373 928 quinde-

284 947 350 1012 cim
364 946 640 1030 Psycbomacbiae
649 947 972 1025 versus,maximum
982 947 1070 1010 iniis
1083 947 1225 1010 animam
1241 947 1326 1011 inter
1336 956 1376 1011 et

284 1067 408 1131 eorpus
422 1048 598 1112 discrimen
613 1045 757 1112 Potitum
770 1049 948 1129 agnovisse
962 1048 1075 1130 palam
1089 1046 1155 1111 fiet.
1192 1047 1374 1132 Duplioem

285 1148 522 1227 substantiam,
551 1149 693 1212 animam
719 1150 850 1214 scilicet
876 1157 912 1213 et
933 1167 1070 1232 corpus,
1099 1167 1213 1214 secum
1227 1149 1374 1214 invicem

284 1267 431 1332 pugnare
445 1248 507 1312 ait:
531 1247 624 1312 illam
638 1249 795 1313 ‘coeleste
808 1250 987 1332 ingenium,
1005 1250 1124 1328 lucem,
1139 1251 1302 1333 spiritum,
1317 1270 1373 1316 se-

283 1368 361 1414 reno
377 1350 502 1415 editum
517 1349 653 1427 afflatn,'
666 1356 775 1428 vocat,
788 1349 853 1414 boo
867 1359 979 1414 autem
994 1355 1132 1416 ‘tetrum
1153 1353 1373 1432 stomachum,

284 1453 449 1529 tenebras,
475 1453 607 1517 viscera
634 1453 716 1517 limo
741 1451 910 1535 effigiata)
952 1451 1042 1531 Quid
1065 1470 1184 1535 quaeso
1210 1472 1297 1537 opus
1320 1454 1373 1518 illi

280 1554 399 1619 inisset
412 1552 577 1637 duplicem
591 1555 734 1619 innubis
749 1553 948 1637 distinguere
969 1553 1198 1634 substantiam,
1214 1562 1272 1619 aut
1286 1574 1373 1638 qno·

282 1655 384 1720 modo
400 1656 562 1738 potuisset
574 1664 748 1739 utramque
763 1660 831 1722 tam
853 1656 996 1721 diversis
1018 1655 1303 1739 appellationibus
1324 1659 1372 1721 si-

282 1757 381 1839 bique
396 1757 569 1821 coutrariis
582 1756 770 1840 designare,
786 1759 816 1822 si
830 1757 983 1842 ejusdem
1001 1774 1079 1820 cum
1093 1775 1231 1841 corpore
1243 1762 1373 1823 naurs

284 1859 427 1922 animam
441 1857 637 1924 habuissett
660 1860 830 1926 Praeterea
838 1861 874 1923 iu
885 1858 1074 1943 Symmach.
1085 1874 1125 1921 11.
1136 1858 1212 1924 18⁰.
1235 1863 1269 1922 et
1288 1878 1373 1944 seq,

282 1958 341 2022 ubi
356 1964 446 2022 totus
459 1965 511 2023 est
525 1959 560 2024 in
582 1961 762 2025 asserenda
783 1961 906 2025 auimae
921 1957 1184 2038 immortalitate,
1200 1960 1369 2044 ejusdem·

282 2078 349 2143 que
363 2059 407 2123 ad
421 2062 559 2143 praemia
574 2061 626 2125 vel
640 2060 807 2145 supplicia
824 2062 1059 2139 reservatione,
1079 2067 1117 2126 ut
1128 2062 1276 2145 explicet
1289 2082 1372 2147 qua-

281 2179 356 2224 nam
371 2162 501 2226 ratione
515 2163 626 2246 possit
642 2163 734 2228 Deus
758 2163 927 2246 supplicio
951 2162 1037 2245 iguis
1062 2163 1190 2229 animas
1213 2163 1369 2247 affligere,

282 2262 330 2327 ita
344 2262 453 2326 Deum
467 2264 658 2346 loquentem
672 2263 819 2329 inducit:

323 2410 399 2477 Nec
413 2410 494 2475 mihi
509 2411 642 2477 difficile
657 2423 709 2479 est
721 2413 884 2497 liquidam
899 2412 1103 2480 circumdare
1119 2411 1260 2477 flammis

323 2514 497 2593 Naturam,
513 2516 665 2599 quamvis
679 2514 866 2597 perflabilis
876 2515 938 2579 illa
951 2515 1077 2579 feratur

324 2614 422 2680 More
435 2616 519 2692 noti,
536 2616 668 2699 capiam
684 2624 794 2681 tantm
809 2622 842 2680 et
855 2620 1017 2681 tormenta
1029 2614 1197 2679 adhibebo

322 2718 405 2801 Ipse
420 2719 642 2801 incorporeus,
651 2738 692 2783 ao
706 2719 881 2802 spirituum
893 2722 985 2782 sator
999 2738 1097 2781 unus.

282 2866 402 2932 Omnia
415 2869 451 2932 iu
464 2868 518 2932 his
532 2870 685 2932 versibus
700 2875 778 2933 sunt
797 2867 1022 2932 observanda:
1045 2885 1087 2930 ao
1100 2865 1240 2947 primum
1251 2864 1281 2928 si
1297 2868 1370 2930 ani·

279 2988 368 3032 mam
382 2968 610 3051 incorpoream
627 2969 900 3054 spiritualemque
924 2985 993 3030 uon
1016 2967 1201 3043 habuisset,
1215 2985 1283 3030 uon
1298 2973 1372 3031 erat
1437 2998 1444 3005 ·

279 3089 340 3134 cnr
352 3070 419 3135 sibi
434 3070 603 3155 objiceret,
620 3069 791 3153 quomodo
816 3070 924 3154 possit
939 3068 1033 3132 Deus
1047 3067 1117 3148 igni
1131 3069 1260 3131 animas
1275 3067 1370 3132 addi·

279 3190 374 3250 cere;
396 3171 424 3234 si
439 3174 526 3235 enim
540 3171 603 3237 hac
619 3173 652 3236 in
668 3191 701 3235 re
715 3169 894 3234 difficultas
908 3168 1024 3250 aliqua
1033 3167 1127 3243 inest,
1137 3186 1179 3231 ea
1189 3188 1291 3250 porro
1304 3175 1369 3245 est,

280 3270 368 3354 quod
385 3290 450 3336 uon
470 3272 569 3337 facile
588 3271 795 3353 intelligatur,
809 3267 977 3354 quomodo
991 3268 1099 3350 possit
1112 3268 1148 3330 iu
1160 3269 1367 3333 substantias

277 3390 367 3437 mere
381 3373 577 3456 spirituales
586 3374 670 3455 iguis
679 3375 747 3438 vim
763 3391 860 3436 snum
874 3388 1017 3435 exerere·
1060 3366 1115 3432 Ac
1125 3375 1217 3432 recte
1231 3387 1310 3432 sane
1322 3370 1366 3433 ad

277 3458 552 3559 omnipotentiam
567 3475 632 3539 Dei
647 3494 685 3539 se
699 3474 801 3539 refert
816 3470 946 3551 Poiita3
969 3468 1030 3535 sed
1053 3470 1144 3554 quod
1158 3488 1234 3534 eum
1258 3471 1367 3534 incor-

276 3596 428 3660 poreum,
445 3597 485 3642 ac
501 3578 673 3660 spirituum
687 3581 829 3640 satorem
851 3574 913 3637 hoc
934 3573 1012 3636 loco
1034 3571 1199 3655 appellat,
1221 3573 1303 3636 mire
1323 3572 1366 3635 ad

277 3698 346 3744 rem
375 3683 523 3743 nostram
546 3676 648 3757 facit3
679 3676 767 3739 idem
789 3675 877 3738 euim
901 3678 953 3737 est
971 3692 1013 3736 ac
1039 3672 1068 3735 si
1092 3669 1236 3735 diceret:
1266 3672 1365 3735 facile

276 3782 409 3845 omniuo
439 3785 491 3844 est
519 3778 723 3843 substautias
751 3777 962 3858 incorporeas
987 3793 1028 3838 ac
1050 3772 1254 3856 spirituales,
1280 3792 1363 3855 qua·

276 3878 326 3943 les
355 3882 473 3945 animae
503 3887 590 3957 sunt,
619 3880 695 3961 igne
729 3876 922 3943 cruciandas
951 3876 994 3939 ab
1031 3892 1084 3951 en,
1118 3874 1177 3955 qui
1209 3873 1362 3957 incorpo-

277 3997 365 4056 reus,
380 3999 419 4043 ac
435 3981 610 4065 spirituum
634 3980 785 4045 conditor
809 3983 870 4041 est.
915 3973 1042 4039 Omitto
1066 3973 1218 4038 (lathem.
1238 3972 1363 4054 Hymn.

279 4092 337 4143 ιιι.
361 4084 486 4166 stropb.
508 4083 561 4149 38.
584 4084 618 4147 iu
642 4102 708 4167 qua
731 4096 891 4155 sermone,
911 4077 1046 4143 Sanctis
1061 4074 1225 4141 Ecclesiae
1253 4072 1364 4140 Patri·
