3034 4900
587 349 792 403 ruarmo.
1191 345 1237 412 29

143 490 1235 581 damus,etpievivamus,nonvolentianequecurrcutis,sedmi·

144 598 284 662 serentis
299 603 355 662 cst
367 596 433 662 Dei
446 617 454 660 :
470 615 536 660 nen
552 597 632 679 quia
642 598 727 664 velle
736 617 803 664 uon
813 599 969 666 dehemus
983 604 1236 680 etcurrere,sed

144 699 225 780 quia
238 699 312 782 ipse
326 697 363 760 in
377 698 475 762 uobis
484 704 519 762 at
533 698 616 762 velle
631 705 785 781 operatur
794 702 989 766 etcurrere.’
1011 701 1090 781 Qua
1099 723 1144 768 ex
1155 723 1235 769 con-

143 799 360 878 sideratione,
371 799 473 883 juxta
487 799 651 881 Apostoli
676 799 870 877 doctrinam,
890 801 1038 886 Philipp.
1048 820 1088 867 rr.
1103 805 1158 870 12.
1182 807 1234 872 la

143 902 241 968 timor
250 909 285 967 et
293 908 416 968 tremor
424 901 583 984 exsurgit,
592 921 689 986 quem
700 899 767 976 loc'.
776 903 835 968 cit
848 903 1029 970 humilitati
1039 906 1234 974 Pcdtauos·

143 1007 188 1068 ter
201 1005 372 1086 assignat..
388 1002 475 1069 Hmc
486 1011 569 1088 puto
586 1005 670 1070 satis
684 1024 761 1070 csse
775 1007 966 1089 possuutad
976 1007 1234 1088 ostendendum,

143 1123 246 1186 quam
258 1111 347 1170 recte
360 1105 403 1170 da
426 1105 551 1178 Christi
574 1108 691 1190 gratia,
712 1127 782 1190 qua
806 1106 985 1172 Christiani
1007 1127 1134 1187 sumus,
1148 1107 1233 1174 Pru-

143 1206 276 1278 dentius
291 1207 442 1276 senserit.
486 1206 554 1278 Sed
570 1207 691 1291 siquis
707 1207 817 1272 adhuc
836 1208 1014 1290 scrupulus
1028 1218 1232 1292 superesset,

142 1307 224 1378 illud
248 1313 413 1391 postremo
436 1309 672 1394 adjiciendum,
693 1309 877 1392 quodcum
900 1309 1009 1374 Poeta
1030 1318 1110 1374 anta
1134 1331 1233 1376 exor-

142 1415 210 1476 tam
236 1408 496 1492 Pelagianerum
524 1412 676 1482 haeresim
700 1412 885 1496 scripserit,
911 1412 1050 1493 henigm
1075 1413 1232 1494 quaedam

142 1509 216 1591 ejus
229 1511 304 1576 loca
318 1511 518 1594 exponenda
539 1531 624 1590 esse,
650 1532 725 1596 quaa
746 1514 780 1578 iu
802 1512 951 1596 speciem
973 1512 1233 1596 Pelagiauismo,

142 1612 194 1676 val
209 1609 540 1695 Semipelagiauismc
566 1613 676 1680 favere
699 1616 805 1682 videri
829 1621 977 1698 possent.
1021 1614 1110 1682 Nam
1128 1615 1233 1698 juxta

142 1712 291 1794 regulam
321 1730 343 1777 a
371 1714 407 1779 S.
436 1712 628 1796 Augustino
656 1715 815 1782 traditam
856 1715 916 1780 lib.
952 1715 1006 1778 De
1035 1714 1231 1780 Praedestin.

142 1815 296 1884 Sanctor.
313 1814 394 1882 licet
408 1815 538 1893 Patres,
554 1819 611 1901 qui
632 1825 709 1884 ante
732 1817 912 1899 Pelagium
933 1816 1099 1893 vixerunt,
1115 1817 1231 1881 catho-

140 1915 206 1980 lice
221 1916 264 1981 de
276 1916 380 1997 gratia
395 1915 565 1995 senserint,
581 1924 770 1985 nontamen
785 1919 833 1984 ita
847 1926 1004 1984 accurate
1020 1918 1126 1984 locuti
1140 1927 1230 1995 sunt,

140 2036 182 2082 ac
197 2017 220 2081 ii
234 2018 292 2100 qui
306 2025 433 2100 postea.

151 2179 155 2193 ,
182 2119 261 2184 Jam
278 2138 356 2184 vero
372 2137 448 2202 quae
464 2119 506 2186 de
520 2120 729 2202 Purgatorio,
745 2139 787 2184 ac
808 2119 1009 2184 Sanctorum
1023 2119 1116 2183 cultu
1131 2127 1166 2183 et
1180 2119 1231 2182 in·

141 2222 329 2298 vocatione,
360 2220 606 2285 centuriatores
645 2219 903 2302 Magdeburgao.
932 2219 1060 2296 Belius,
1088 2217 1229 2298 Remus,

140 2319 316 2399 cellarius,
332 2320 456 2404 aliique
469 2341 531 2404 pre
547 2329 711 2386 sectarum
728 2340 863 2385 suarum
884 2320 1093 2404 pravissimis
1107 2322 1230 2405 praeju-

139 2420 238 2487 diciis
257 2423 291 2486 in
308 2421 487 2488 Prudentia
501 2425 648 2509 culpant,
664 2424 787 2489 morari
806 2442 869 2486 nus
883 2422 965 2487 nihil
979 2421 1159 2487 admodum
1173 2422 1230 2487 de-

138 2524 229 2601 bent,
243 2544 319 2588 cum
339 2525 503 2609 ejusmodi
518 2528 593 2604 siut,
623 2547 700 2611 quae
725 2526 925 2611 gravissimo
946 2543 986 2587 ac
1000 2524 1230 2589 irreformabili

139 2625 307 2689 Ecclesia
326 2625 458 2709 judicio
478 2628 629 2706 delinita,
653 2628 687 2690 in
716 2628 852 2691 dubium
876 2626 976 2690 nobis
993 2643 1149 2688 revocare
1163 2644 1229 2690 non

137 2726 234 2806 licet;
257 2746 297 2791 ae
312 2746 531 2812 quaecumque
552 2730 595 2793 ad
617 2748 658 2794 ea
679 2726 895 2793 convellenda
909 2726 951 2789 ab
966 2724 1134 2789 haereticis
1150 2724 1228 2788 affe·

137 2836 268 2904 matur,
282 2828 332 2893 ita
345 2848 366 2892 a
381 2828 568 2893 doctissim.
589 2832 669 2895 viris
694 2830 913 2905 Bellarmiuo,
936 2826 1088 2903 Patauio,
1106 2826 1230 2891 Fratri-

135 2932 204 2993 bus
219 2928 501 3011 Walamhurgen„
518 2930 685 2995 Meldensi
708 2932 893 3014 Episcopo,
917 2927 1096 2993 mansue
1123 2928 1228 3003 Berti,

137 3032 283 3114 aliisque
297 3031 446 3114 pluribus
455 3030 621 3097 dissoluta
633 3032 811 3115 sintatque
823 3031 976 3106 coutrita,
990 3036 1028 3093 ut
1042 3028 1086 3091 iis
1101 3027 1229 3109 aliquid

137 3131 262 3197 addere
277 3151 561 3215 supervacaneum
572 3136 706 3201 omniuo
721 3136 775 3199 sit.

183 3232 295 3297 Unum
311 3238 413 3297 restat
427 3232 699 3315 expendendum,
723 3251 854 3301 rectene
868 3232 1010 3299 senserit
1024 3231 1229 3299 Prudentius

136 3335 180 3399 de
204 3333 337 3399 Animae
357 3342 486 3410 natura,
518 3352 618 3417 qnam
645 3339 721 3401 cum
746 3335 967 3411 Elementum,
990 3352 1031 3398 ac
1046 3332 1229 3415 liquorem

136 3436 327 3521 saepissime
341 3436 499 3519 appellet,
514 3454 705 3519 corpoream
725 3435 1000 3519 materialemque
1015 3433 1228 3497 existimasse

137 3538 266 3601 censeri
280 3546 410 3621 posset,
435 3555 477 3601 ac
502 3537 613 3603 risum
632 3538 799 3603 modullis
821 3543 885 3602 est.
928 3535 1046 3601 Clario.
1071 3534 1092 3597 l.
1116 3552 1147 3596 c.
1163 3531 1228 3593 Be·

136 3640 206 3702 lius
232 3644 269 3702 ut
296 3656 370 3720 sup.
429 3636 496 3701 Sed
529 3636 636 3720 primo
666 3637 783 3703 habita
810 3638 940 3703 ratione
969 3632 1130 3718 temporis
1159 3649 1227 3713 quo

137 3738 340 3805 Prudentius
364 3739 508 3823 scripsit,
521 3756 589 3803 non
618 3737 797 3805 admodum
820 3738 1003 3805 mirandum
1025 3739 1122 3832 esset,
1147 3752 1229 3797 non·

137 3840 218 3907 nihil
241 3861 318 3905 eum
344 3860 443 3924 snper
465 3841 529 3904 hac
557 3860 593 3903 ra
617 3840 794 3923 caligasse,
808 3860 886 3925 quaa
910 3836 1130 3913 Tertulliano,
1155 3833 1229 3898 Me-

137 3946 265 4023 thodio,
285 3945 471 4022 Lactantio,
492 3943 675 4028 'lhecphilc
697 3943 812 4020 Alex,
835 3942 1014 4017 Cassiano,
1036 3938 1228 4014 Gennadio,

138 4046 281 4131 aliisque
297 4047 437 4112 summis
446 4046 527 4112 viris
540 4050 719 4130 perspecta
733 4046 816 4111 satis
829 4054 864 4109 et
879 4042 1053 4127 explorata
1067 4061 1131 4107 non
1146 4047 1228 4106 erat.
