3034 4900
471 991 684 1044 ADMDNl‘l'lO
708 992 748 1041 tlt
775 990 923 1042 MERUM
947 990 1187 1054 SEQUEN'PRM.

283 1196 359 1257 Con
384 1198 416 1256 in
437 1198 494 1258 hoc
510 1128 600 1272 iibro,
619 1217 707 1278 quem
730 1195 865 1258 nonnulli
879 1197 1086 1275 Apotheoseos
1111 1207 1223 1276 partem
1247 1192 1381 1261 iaciunt,

282 1294 397 1369 peccati
411 1295 554 1374 originem
567 1293 803 1374 investigandum
818 1293 874 1354 sibi
895 1293 1050 1354 sumsisset
1070 1293 1174 1364 Poeta,
1196 1291 1382 1369 Ἀμαρτιγέ·

284 1412 346 1447 νεια
383 1390 500 1450 titulum
526 1389 621 1451 eidem
647 1390 765 1451 indidit.
816 1389 974 1450 Praemissa
1000 1389 1122 1449 historia
1149 1407 1218 1467 ques
1246 1384 1382 1443 habetur

284 1483 360 1543 Gen.
376 1504 424 1546 ιν.
440 1486 477 1546 de
491 1487 597 1559 Caino,
610 1487 707 1548 fratris
721 1488 768 1546 sui
778 1486 878 1546 Abelis
891 1485 1087 1557 interfectore,
1101 1483 1240 1544 usnstert
1252 1499 1321 1540 eam
1336 1475 1380 1536 ad

282 1577 474 1653 Marcionem,
489 1581 566 1642 duos
580 1583 662 1643 Deos
684 1591 882 1650 astruentem:
896 1585 905 1613 ¹
928 1579 1009 1661 quod
1023 1581 1101 1640 sicut
1117 1580 1191 1639 Cain
1202 1579 1234 1637 in
1247 1573 1381 1636 Abelem

283 1673 450 1753 insurgens,
460 1678 596 1740 fraternae
606 1678 774 1739 dilectionis
789 1678 932 1738 unitatem
946 1677 1033 1758 impie
1047 1673 1176 1746 discidit,
1191 1673 1233 1734 sic
1244 1673 1301 1733 isse
1311 1671 1378 1730 duo

284 1768 440 1832 admittens
462 1773 615 1852 principia,
628 1775 738 1832 bonurn
753 1791 854 1844 unum,
866 1771 990 1831 alterum
1012 1770 1131 1842 malum,
1154 1768 1295 1828 unitatem
1306 1763 1378 1835 Dei,

285 1863 439 1946 Deumque
459 1869 555 1948 ipsum
577 1859 711 1948 pe‘rrerse
727 1866 823 1928 tollat.
845 1867 944 1947 Atque
961 1867 1026 1927 hsec
1040 1867 1071 1926 in
1084 1865 1271 1926 Preeietione.

327 1961 361 2019 ln
375 1980 462 2040 opere
476 1973 573 2023 autern
588 1963 748 2024 Marcionis
759 1961 906 2022 inscitiam
917 1960 1059 2034 ostendit,
1069 1960 1120 2041 qui
1134 1981 1171 2021 ex
1190 1961 1276 2020 rebus
1296 1957 1377 2038 peri·

285 2058 370 2128 turis,
389 2079 457 2137 quse
477 2059 524 2119 vel
538 2061 623 2144 bonpe
638 2071 709 2120 sunt
721 2058 768 2119 vel
780 2058 876 2132 mslae,
897 2068 1033 2120 naturam
1047 2057 1178 2118 divinam
1193 2055 1286 2116 metiri
1309 2056 1373 2114 fue·

286 2154 325 2212 rit
346 2173 447 2227 ausus,
472 2155 607 2234 duosque
630 2155 712 2216 Deos
727 2155 875 2227 statuerit,
888 2172 957 2214 cum
972 2152 1029 2212 Dei
1043 2163 1167 2224 naturae,
1180 2170 1248 2230 ques
1261 2147 1375 2230 perfec·

287 2247 400 2306 tissima
413 2269 478 2309 esse
491 2249 589 2322 debet,
598 2260 742 2329 repugnet
755 2250 908 2330 pluralitas
920 2269 929 2316 3
951 2247 1032 2328 qood
1046 2247 1072 2306 si
1085 2245 1161 2306 duos
1175 2246 1256 2306 Deos
1269 2263 1376 2325 ponas,

287 2342 360 2400 nihil
388 2345 488 2404 obstat
511 2347 582 2423 quin
602 2347 732 2425 quinque
753 2345 853 2415 etiam,
875 2355 928 2404 aut
953 2343 1055 2404 decem
1076 2341 1276 2402 admittentur.
1318 2339 1375 2398 llic

288 2449 385 2499 autern
399 2441 504 2501 unicus
522 2443 613 2513 Dens,
627 2442 696 2501 mali
711 2452 814 2502 auctor
826 2458 1014 2520 nequaquam
1028 2448 1084 2512 est,
1098 2438 1152 2499 sed
1166 2437 1311 2507 diabolus,
1325 2436 1374 2515 qui

289 2552 322 2591 se
336 2534 432 2611 ipsum
446 2537 581 2614 primum,
594 2536 702 2596 deinde
715 2536 861 2596 hominem
873 2536 984 2607 infecit,
1006 2548 1094 2614 atque
1113 2534 1251 2617 corrupit.
1267 2532 1269 2535 ’
1292 2532 1372 2591 ilinc

288 2629 367 2687 mala
380 2631 489 2702 omnia,
514 2652 571 2691 non
584 2643 698 2691 tanturn
707 2630 839 2702 moralia,
849 2630 902 2690 sed
911 2632 999 2691 etiam
1008 2631 1142 2711 physica,
1152 2650 1219 2711 quoe
1233 2629 1374 2689 letissime

288 2740 324 2780 ac
337 2725 543 2786 venustissime
566 2726 780 2788 describuntur.
821 2726 928 2785 Verum
953 2725 1073 2805 quidem
1096 2735 1152 2799 est,
1176 2727 1273 2786 Deum
1295 2725 1374 2784 mala

287 2816 383 2896 culpoe
397 2821 573 2898 permittere,
587 2822 642 2882 ssd
656 2824 723 2882 meli
738 2834 887 2882 auctorem
905 2842 971 2882 eum
985 2842 1051 2883 esse
1068 2842 1131 2883 non
1143 2822 1283 2902 sequitur,
1303 2842 1371 2881 cum

289 2914 355 2973 hoec
368 2915 522 2992 permissio
535 2935 595 2975 non
609 2917 695 2977 tollat
708 2919 745 2977 ab
758 2917 877 2979 homine
890 2918 1054 2979 libertatem
1067 2918 1186 2991 arbitrii,
1206 2937 1266 2997 qua
1279 2916 1373 2997 possit

291 3010 406 3071 amalo
428 3010 594 3079 declinare:
623 3013 704 3093 quod
724 3014 843 3087 Adami,
865 3016 961 3087 Lothi,
993 3016 1076 3075 Ruth
1104 3014 1256 3094 exemplis,
1286 3024 1375 3092 atque

290 3107 378 3167 etiam
393 3108 530 3188 Apologo
551 3110 703 3170 confirmet
716 3122 747 3171 et
759 3109 896 3171 illustrat.
939 3112 1014 3171 Hoec
1029 3120 1127 3172 autem
1141 3111 1239 3171 omnia
1252 3110 1282 3168 in
1296 3108 1376 3169 Pris-

288 3202 463 3263 cillianistas
486 3225 546 3263 non
567 3206 662 3266 minus
689 3226 779 3288 quam
801 3208 830 3266 in
856 3207 1048 3269 Marcionitas
1070 3205 1215 3286 quadrare
1236 3216 1319 3285 patet
1337 3225 1375 3267 ex

291 3297 426 3375 Epistola
440 3318 498 3359 xv.
514 3301 545 3360 S.
559 3301 664 3361 learns
679 3322 708 3363 n.
724 3305 754 3364 8.
795 3302 866 3363 Vid.
879 3301 1008 3362 Admon.
1023 3302 1063 3362 ad
1075 3302 1178 3363 librum
1192 3300 1320 3381 praeced.

323 3490 331 3518 ¹
346 3496 463 3544 tranem
474 3494 517 3546 lib.
529 3508 548 3545 r.
561 3508 584 3544 c.
595 3500 636 3546 29·
645 3496 757 3547 Tertull.
767 3496 813 3546 lib.
852 3495 932 3548 fabul.
951 3496 1074 3549 Philocte.
1086 3496 1254 3562 Augustinus,
1273 3496 1374 3562 aliique.

291 3572 598 3623 r.e.Merc.'llreodoret.
615 3572 660 3622 lib.
674 3586 694 3623 r.
712 3570 813 3624 lieret.
