<?xml version="1.0" encoding="UTF-8"?>
<!DOCTYPE html PUBLIC "-//W3C//DTD XHTML 1.0 Transitional//EN"
    "http://www.w3.org/TR/xhtml1/DTD/xhtml1-transitional.dtd">
<html xmlns="http://www.w3.org/1999/xhtml" xml:lang="en" lang="en">
 <head>
  <title>
</title>
<meta http-equiv="Content-Type" content="text/html;charset=utf-8" />
  <meta name='ocr-system' content='tesseract 3.04.00' />
  <meta name='ocr-capabilities' content='ocr_page ocr_carea ocr_par ocr_line ocrx_word'/>
</head>
<body>
  <div class='ocr_page' id='page_1' title='image "./operaomniaexedi00prudgoog/operaomniaexedi00prudgoog_0033.png"; bbox 0 0 3034 4900; ppageno 0'>
   <div class='ocr_carea' id='block_1_1' title="bbox 620 381 1266 448">
    <p class='ocr_par' dir='ltr' id='par_1_1' title="bbox 620 381 1266 448">
     <span class='ocr_line' id='line_1_1' title="bbox 620 381 1266 448; baseline 0.003 -12"><span class='ocrx_word' id='word_1_1' title='bbox 620 387 824 438; x_wconf 73' lang='lat' dir='ltr'><strong>PRAEFA&#39;l&#39;lo.</strong></span> <span class='ocrx_word' id='word_1_2' title='bbox 1221 381 1266 448; x_wconf 74' lang='grc'><strong>23</strong></span> 
     </span>
    </p>
   </div>
   <div class='ocr_carea' id='block_1_2' title="bbox 175 529 1264 826">
    <p class='ocr_par' dir='ltr' id='par_1_2' title="bbox 175 529 1264 826">
     <span class='ocr_line' id='line_1_2' title="bbox 175 529 1264 614; baseline 0.012 -20"><span class='ocrx_word' id='word_1_3' title='bbox 175 529 390 614; x_wconf 83' lang='lat' dir='ltr'><strong>appellando.</strong></span> <span class='ocrx_word' id='word_1_4' title='bbox 436 531 476 596; x_wconf 90' lang='lat' dir='ltr'><strong>P.</strong></span> <span class='ocrx_word' id='word_1_5' title='bbox 486 531 728 599; x_wconf 80' lang='lat' dir='ltr'><strong>chamillerdus</strong></span> <span class='ocrx_word' id='word_1_6' title='bbox 743 535 777 599; x_wconf 92' lang='lat' dir='ltr'><strong>in</strong></span> <span class='ocrx_word' id='word_1_7' title='bbox 793 555 856 600; x_wconf 88' lang='lat' dir='ltr'><strong>sua</strong></span> <span class='ocrx_word' id='word_1_8' title='bbox 870 536 1045 602; x_wconf 89' lang='lat' dir='ltr'><strong>Prudentii</strong></span> <span class='ocrx_word' id='word_1_9' title='bbox 1059 538 1204 605; x_wconf 88' lang='lat' dir='ltr'><strong>editione</strong></span> <span class='ocrx_word' id='word_1_10' title='bbox 1219 541 1264 606; x_wconf 85' lang='lat' dir='ltr'><strong>ed</strong></span> 
     </span>
     <span class='ocr_line' id='line_1_3' title="bbox 175 631 1264 722; baseline 0.011 -26"><span class='ocrx_word' id='word_1_11' title='bbox 175 631 261 696; x_wconf 91' lang='lat' dir='ltr'><strong>bunc</strong></span> <span class='ocrx_word' id='word_1_12' title='bbox 282 633 397 698; x_wconf 87' lang='lat' dir='ltr'><strong>lecum</strong></span> <span class='ocrx_word' id='word_1_13' title='bbox 421 643 649 713; x_wconf 78' lang='lat' dir='ltr'><strong>adnotaverat,</strong></span> <span class='ocrx_word' id='word_1_14' title='bbox 673 638 761 721; x_wconf 90' lang='lat' dir='ltr'><strong>quod</strong></span> <span class='ocrx_word' id='word_1_15' title='bbox 771 639 850 704; x_wconf 89' lang='lat' dir='ltr'><strong>licet</strong></span> <span class='ocrx_word' id='word_1_16' title='bbox 858 638 961 722; x_wconf 87' lang='lat' dir='ltr'><strong>juxta</strong></span> <span class='ocrx_word' id='word_1_17' title='bbox 974 639 1086 706; x_wconf 74' lang='lat' dir='ltr'><strong>latini</strong></span> <span class='ocrx_word' id='word_1_18' title='bbox 1101 645 1264 708; x_wconf 85' lang='lat' dir='ltr'><strong>sermonis</strong></span> 
     </span>
     <span class='ocr_line' id='line_1_4' title="bbox 175 733 1264 826; baseline 0.013 -31"><span class='ocrx_word' id='word_1_19' title='bbox 175 733 414 816; x_wconf 76' lang='lat' dir='ltr'><strong>proprietatem</strong></span> <span class='ocrx_word' id='word_1_20' title='bbox 428 733 621 818; x_wconf 86' lang='lat' dir='ltr'><strong>Verbigena</strong></span> <span class='ocrx_word' id='word_1_21' title='bbox 636 744 732 802; x_wconf 87' lang='lat' dir='ltr'><strong>souet</strong></span> <span class='ocrx_word' id='word_1_22' title='bbox 755 737 1010 822; x_wconf 89' lang='lat' dir='ltr'><strong>Verbogenitns,</strong></span> <span class='ocrx_word' id='word_1_23' title='bbox 1023 749 1061 807; x_wconf 93' lang='lat' dir='ltr'><strong>ut</strong></span> <span class='ocrx_word' id='word_1_24' title='bbox 1076 741 1264 826; x_wconf 76' lang='lat' dir='ltr'><strong>Martigena</strong></span> 
     </span>
    </p>
   </div>
   <div class='ocr_carea' id='block_1_3' title="bbox 175 833 1263 1636">
    <p class='ocr_par' dir='ltr' id='par_1_3' title="bbox 175 833 1263 1636">
     <span class='ocr_line' id='line_1_5' title="bbox 177 833 1263 924; baseline 0.013 -26"><span class='ocrx_word' id='word_1_25' title='bbox 177 833 431 919; x_wconf 72' lang='lat' dir='ltr'><strong>MartegenituS,</strong></span> <span class='ocrx_word' id='word_1_26' title='bbox 440 855 506 902; x_wconf 92' lang='lat' dir='ltr'><strong>non</strong></span> <span class='ocrx_word' id='word_1_27' title='bbox 521 838 777 924; x_wconf 88' lang='lat' dir='ltr'><strong>idtamenquod</strong></span> <span class='ocrx_word' id='word_1_28' title='bbox 791 842 1004 910; x_wconf 80' lang='lat' dir='ltr'><strong>acatholica</strong></span> <span class='ocrx_word' id='word_1_29' title='bbox 1019 844 1103 909; x_wconf 88' lang='lat' dir='ltr'><strong>Fide</strong></span> <span class='ocrx_word' id='word_1_30' title='bbox 1119 846 1263 912; x_wconf 87' lang='lat' dir='ltr'><strong>alienum</strong></span> 
     </span>
     <span class='ocr_line' id='line_1_6' title="bbox 177 938 1262 1030; baseline 0.01 -29"><span class='ocrx_word' id='word_1_31' title='bbox 177 944 238 1010; x_wconf 89' lang='lat' dir='ltr'><strong>est,</strong></span> <span class='ocrx_word' id='word_1_32' title='bbox 262 938 383 1003; x_wconf 86' lang='lat' dir='ltr'><strong>sentire</strong></span> <span class='ocrx_word' id='word_1_33' title='bbox 412 938 638 1019; x_wconf 88' lang='lat' dir='ltr'><strong>Prudentium‚</strong></span> <span class='ocrx_word' id='word_1_34' title='bbox 664 942 724 1007; x_wconf 87' lang='lat' dir='ltr'><strong>scd</strong></span> <span class='ocrx_word' id='word_1_35' title='bbox 747 941 834 1008; x_wconf 90' lang='lat' dir='ltr'><strong>bane</strong></span> <span class='ocrx_word' id='word_1_36' title='bbox 854 964 973 1010; x_wconf 85' lang='lat' dir='ltr'><strong>rocem</strong></span> <span class='ocrx_word' id='word_1_37' title='bbox 984 965 1046 1028; x_wconf 89' lang='lat' dir='ltr'><strong>pro</strong></span> <span class='ocrx_word' id='word_1_38' title='bbox 1060 949 1135 1030; x_wconf 91' lang='lat' dir='ltr'><strong>ipso</strong></span> <span class='ocrx_word' id='word_1_39' title='bbox 1149 946 1262 1013; x_wconf 88' lang='lat' dir='ltr'><strong>Verbo</strong></span> 
     </span>
     <span class='ocr_line' id='line_1_7' title="bbox 176 1040 1262 1130; baseline 0.009 -28"><span class='ocrx_word' id='word_1_40' title='bbox 176 1040 288 1120; x_wconf 87' lang='lat' dir='ltr'><strong>genito</strong></span> <span class='ocrx_word' id='word_1_41' title='bbox 302 1040 486 1106; x_wconf 79' lang='lat' dir='ltr'><strong>adhibitam</strong></span> <span class='ocrx_word' id='word_1_42' title='bbox 503 1044 546 1107; x_wconf 86' lang='lat' dir='ltr'><strong>ab</strong></span> <span class='ocrx_word' id='word_1_43' title='bbox 561 1044 637 1126; x_wconf 87' lang='lat' dir='ltr'><strong>ipso</strong></span> <span class='ocrx_word' id='word_1_44' title='bbox 650 1043 776 1125; x_wconf 85' lang='lat' dir='ltr'><strong>fuisse;</strong></span> <span class='ocrx_word' id='word_1_45' title='bbox 799 1048 891 1130; x_wconf 90' lang='lat' dir='ltr'><strong>qnod</strong></span> <span class='ocrx_word' id='word_1_46' title='bbox 905 1056 960 1112; x_wconf 89' lang='lat' dir='ltr'><strong>est</strong></span> <span class='ocrx_word' id='word_1_47' title='bbox 974 1047 1080 1112; x_wconf 90' lang='lat' dir='ltr'><strong>Isonii</strong></span> <span class='ocrx_word' id='word_1_48' title='bbox 1096 1047 1262 1128; x_wconf 72' lang='lat' dir='ltr'><strong>Magistri,</strong></span> 
     </span>
     <span class='ocr_line' id='line_1_8' title="bbox 175 1141 1262 1232; baseline 0.011 -28"><span class='ocrx_word' id='word_1_49' title='bbox 175 1142 322 1205; x_wconf 92' lang='lat' dir='ltr'><strong>omnium</strong></span> <span class='ocrx_word' id='word_1_50' title='bbox 357 1141 532 1210; x_wconf 90' lang='lat' dir='ltr'><strong>Prudentii</strong></span> <span class='ocrx_word' id='word_1_51' title='bbox 563 1145 785 1230; x_wconf 85' lang='lat' dir='ltr'><strong>Interpretum</strong></span> <span class='ocrx_word' id='word_1_52' title='bbox 822 1150 1053 1232; x_wconf 81' lang='lat' dir='ltr'><strong>antiquissimi,</strong></span> <span class='ocrx_word' id='word_1_53' title='bbox 1086 1149 1262 1231; x_wconf 78' lang='lat' dir='ltr'><strong>glossema.</strong></span> 
     </span>
     <span class='ocr_line' id='line_1_9' title="bbox 175 1239 1262 1331; baseline 0.011 -26"><span class='ocrx_word' id='word_1_54' title='bbox 175 1239 300 1307; x_wconf 90' lang='lat' dir='ltr'><strong>Verum</strong></span> <span class='ocrx_word' id='word_1_55' title='bbox 315 1243 351 1308; x_wconf 91' lang='lat' dir='ltr'><strong>id</strong></span> <span class='ocrx_word' id='word_1_56' title='bbox 364 1247 462 1327; x_wconf 88' lang='lat' dir='ltr'><strong>gratis</strong></span> <span class='ocrx_word' id='word_1_57' title='bbox 478 1247 584 1311; x_wconf 86' lang='lat' dir='ltr'><strong>asseri</strong></span> <span class='ocrx_word' id='word_1_58' title='bbox 599 1247 777 1331; x_wconf 82' lang='lat' dir='ltr'><strong>respondet</strong></span> <span class='ocrx_word' id='word_1_59' title='bbox 802 1247 963 1327; x_wconf 86' lang='lat' dir='ltr'><strong>Clericus,</strong></span> <span class='ocrx_word' id='word_1_60' title='bbox 983 1268 1024 1314; x_wconf 88' lang='lat' dir='ltr'><strong>ae</strong></span> <span class='ocrx_word' id='word_1_61' title='bbox 1039 1249 1182 1315; x_wconf 90' lang='lat' dir='ltr'><strong>dubitari</strong></span> <span class='ocrx_word' id='word_1_62' title='bbox 1195 1273 1262 1317; x_wconf 93' lang='lat' dir='ltr'><strong>non</strong></span> 
     </span>
     <span class='ocr_line' id='line_1_10' title="bbox 175 1345 1260 1432; baseline 0.01 -24"><span class='ocrx_word' id='word_1_63' title='bbox 175 1363 286 1428; x_wconf 86' lang='lat' dir='ltr'><strong>posse,</strong></span> <span class='ocrx_word' id='word_1_64' title='bbox 296 1345 418 1411; x_wconf 88' lang='lat' dir='ltr'><strong>Filium</strong></span> <span class='ocrx_word' id='word_1_65' title='bbox 432 1347 506 1425; x_wconf 91' lang='lat' dir='ltr'><strong>Dei,</strong></span> <span class='ocrx_word' id='word_1_66' title='bbox 518 1349 620 1414; x_wconf 86' lang='lat' dir='ltr'><strong>verbo</strong></span> <span class='ocrx_word' id='word_1_67' title='bbox 635 1349 747 1414; x_wconf 87' lang='lat' dir='ltr'><strong>Petris</strong></span> <span class='ocrx_word' id='word_1_68' title='bbox 762 1351 922 1432; x_wconf 89' lang='lat' dir='ltr'><strong>genitum,</strong></span> <span class='ocrx_word' id='word_1_69' title='bbox 937 1351 1001 1415; x_wconf 90' lang='lat' dir='ltr'><strong>hac</strong></span> <span class='ocrx_word' id='word_1_70' title='bbox 1015 1368 1101 1416; x_wconf 82' lang='lat' dir='ltr'><strong>voce</strong></span> <span class='ocrx_word' id='word_1_71' title='bbox 1116 1352 1260 1419; x_wconf 72' lang='lat' dir='ltr'><strong>Pobtam</strong></span> 
     </span>
     <span class='ocr_line' id='line_1_11' title="bbox 176 1445 1261 1534; baseline 0.01 -25"><span class='ocrx_word' id='word_1_72' title='bbox 176 1445 345 1529; x_wconf 86' lang='lat' dir='ltr'><strong>designare</strong></span> <span class='ocrx_word' id='word_1_73' title='bbox 374 1449 541 1530; x_wconf 81' lang='lat' dir='ltr'><strong>voluisse3</strong></span> <span class='ocrx_word' id='word_1_74' title='bbox 579 1451 666 1533; x_wconf 89' lang='lat' dir='ltr'><strong>quod</strong></span> <span class='ocrx_word' id='word_1_75' title='bbox 691 1451 760 1514; x_wconf 87' lang='lat' dir='ltr'><strong>elio</strong></span> <span class='ocrx_word' id='word_1_76' title='bbox 790 1451 863 1534; x_wconf 86' lang='lat' dir='ltr'><strong>ejus</strong></span> <span class='ocrx_word' id='word_1_77' title='bbox 889 1453 966 1515; x_wconf 89' lang='lat' dir='ltr'><strong>loeo</strong></span> <span class='ocrx_word' id='word_1_78' title='bbox 995 1451 1178 1531; x_wconf 86' lang='lat' dir='ltr'><strong>confirmat,</strong></span> <span class='ocrx_word' id='word_1_79' title='bbox 1216 1475 1261 1521; x_wconf 81' lang='lat' dir='ltr'><strong>ex</strong></span> 
     </span>
     <span class='ocr_line' id='line_1_12' title="bbox 175 1546 1195 1636; baseline 0.011 -27"><span class='ocrx_word' id='word_1_80' title='bbox 175 1546 298 1630; x_wconf 86' lang='lat' dir='ltr'><strong>Hymu.</strong></span> <span class='ocrx_word' id='word_1_81' title='bbox 313 1550 347 1614; x_wconf 92' lang='lat' dir='ltr'><strong>in</strong></span> <span class='ocrx_word' id='word_1_82' title='bbox 362 1547 443 1614; x_wconf 90' lang='lat' dir='ltr'><strong>Nat.</strong></span> <span class='ocrx_word' id='word_1_83' title='bbox 459 1550 558 1615; x_wconf 87' lang='lat' dir='ltr'><strong>Dum.</strong></span> <span class='ocrx_word' id='word_1_84' title='bbox 573 1569 622 1615; x_wconf 86' lang='lat' dir='ltr'><strong>vs.</strong></span> <span class='ocrx_word' id='word_1_85' title='bbox 637 1551 690 1614; x_wconf 86' lang='grc'><strong>17.</strong></span> <span class='ocrx_word' id='word_1_86' title='bbox 704 1552 764 1616; x_wconf 90' lang='lat' dir='ltr'><strong>nbi</strong></span> <span class='ocrx_word' id='word_1_87' title='bbox 778 1553 820 1616; x_wconf 91' lang='lat' dir='ltr'><strong>de</strong></span> <span class='ocrx_word' id='word_1_88' title='bbox 832 1550 948 1617; x_wconf 89' lang='lat' dir='ltr'><strong>Verbo</strong></span> <span class='ocrx_word' id='word_1_89' title='bbox 962 1553 1115 1636; x_wconf 87' lang='lat' dir='ltr'><strong>loquens,</strong></span> <span class='ocrx_word' id='word_1_90' title='bbox 1126 1555 1195 1620; x_wconf 90' lang='lat' dir='ltr'><strong>ait:</strong></span> 
     </span>
    </p>
   </div>
   <div class='ocr_carea' id='block_1_4' title="bbox 465 1701 925 1981">
    <p class='ocr_par' dir='ltr' id='par_1_4' title="bbox 465 1701 925 1981">
     <span class='ocr_line' id='line_1_13' title="bbox 465 1701 913 1784; baseline 0 -18"><span class='ocrx_word' id='word_1_91' title='bbox 465 1701 519 1766; x_wconf 84' lang='lat' dir='ltr'><strong>Ex</strong></span> <span class='ocrx_word' id='word_1_92' title='bbox 534 1720 591 1766; x_wconf 88' lang='lat' dir='ltr'><strong>ore</strong></span> <span class='ocrx_word' id='word_1_93' title='bbox 605 1701 788 1784; x_wconf 88' lang='lat' dir='ltr'><strong>quamlibet</strong></span> <span class='ocrx_word' id='word_1_94' title='bbox 802 1701 913 1766; x_wconf 82' lang='lat' dir='ltr'><strong>Patris</strong></span> 
     </span>
     <span class='ocr_line' id='line_1_14' title="bbox 466 1803 925 1882; baseline -0.002 -14"><span class='ocrx_word' id='word_1_95' title='bbox 466 1803 522 1868; x_wconf 87' lang='lat' dir='ltr'><strong>Sis</strong></span> <span class='ocrx_word' id='word_1_96' title='bbox 536 1807 640 1882; x_wconf 89' lang='lat' dir='ltr'><strong>ortus,</strong></span> <span class='ocrx_word' id='word_1_97' title='bbox 654 1811 687 1868; x_wconf 90' lang='lat' dir='ltr'><strong>et</strong></span> <span class='ocrx_word' id='word_1_98' title='bbox 701 1805 802 1870; x_wconf 89' lang='lat' dir='ltr'><strong>verbo</strong></span> <span class='ocrx_word' id='word_1_99' title='bbox 815 1804 925 1868; x_wconf 81' lang='lat' dir='ltr'><strong>editus</strong></span> 
     </span>
     <span class='ocr_line' id='line_1_15' title="bbox 470 1902 680 1981; baseline -0.005 -14"><span class='ocrx_word' id='word_1_100' title='bbox 470 1902 606 1981; x_wconf 83' lang='lat' dir='ltr'><strong>Tamen,</strong></span> <span class='ocrx_word' id='word_1_101' title='bbox 620 1907 680 1968; x_wconf 79' lang='lat' dir='ltr'><strong>&amp;e</strong></span> 
     </span>
    </p>
   </div>
   <div class='ocr_carea' id='block_1_5' title="bbox 163 2052 1259 4271">
    <p class='ocr_par' dir='ltr' id='par_1_5' title="bbox 164 2052 1259 3866">
     <span class='ocr_line' id='line_1_16' title="bbox 173 2052 1259 2138; baseline 0.002 -20"><span class='ocrx_word' id='word_1_102' title='bbox 173 2052 633 2138; x_wconf 87' lang='lat' dir='ltr'><strong>contenditqneProdentiom</strong></span> <span class='ocrx_word' id='word_1_103' title='bbox 655 2055 707 2119; x_wconf 84' lang='lat' dir='ltr'><strong>bis</strong></span> <span class='ocrx_word' id='word_1_104' title='bbox 729 2055 841 2120; x_wconf 83' lang='lat' dir='ltr'><strong>verbis</strong></span> <span class='ocrx_word' id='word_1_105' title='bbox 865 2056 1103 2120; x_wconf 92' lang='lat' dir='ltr'><strong>nonnullorum</strong></span> <span class='ocrx_word' id='word_1_106' title='bbox 1122 2054 1259 2121; x_wconf 79' lang='lat' dir='ltr'><strong>Antoni·</strong></span> 
     </span>
     <span class='ocr_line' id='line_1_17' title="bbox 172 2156 1259 2240; baseline 0.003 -22"><span class='ocrx_word' id='word_1_107' title='bbox 172 2173 327 2219; x_wconf 89' lang='lat' dir='ltr'><strong>cenorum</strong></span> <span class='ocrx_word' id='word_1_108' title='bbox 350 2156 490 2220; x_wconf 84' lang='lat' dir='ltr'><strong>Petrum</strong></span> <span class='ocrx_word' id='word_1_109' title='bbox 514 2175 646 2220; x_wconf 86' lang='lat' dir='ltr'><strong>sensum</strong></span> <span class='ocrx_word' id='word_1_110' title='bbox 669 2157 864 2239; x_wconf 87' lang='lat' dir='ltr'><strong>exprimere,</strong></span> <span class='ocrx_word' id='word_1_111' title='bbox 887 2158 946 2240; x_wconf 92' lang='lat' dir='ltr'><strong>qui</strong></span> <span class='ocrx_word' id='word_1_112' title='bbox 975 2157 1157 2221; x_wconf 80' lang='lat' dir='ltr'><strong>censebant</strong></span> <span class='ocrx_word' id='word_1_113' title='bbox 1180 2157 1259 2221; x_wconf 86' lang='lat' dir='ltr'><strong>Filii</strong></span> 
     </span>
     <span class='ocr_line' id='line_1_18' title="bbox 172 2255 1258 2341; baseline 0.005 -22"><span class='ocrx_word' id='word_1_114' title='bbox 172 2255 238 2320; x_wconf 88' lang='lat' dir='ltr'><strong>Dei</strong></span> <span class='ocrx_word' id='word_1_115' title='bbox 252 2257 484 2335; x_wconf 86' lang='lat' dir='ltr'><strong>substantiam,</strong></span> <span class='ocrx_word' id='word_1_116' title='bbox 502 2258 602 2324; x_wconf 90' lang='lat' dir='ltr'><strong>modo</strong></span> <span class='ocrx_word' id='word_1_117' title='bbox 626 2257 770 2340; x_wconf 87' lang='lat' dir='ltr'><strong>quodam</strong></span> <span class='ocrx_word' id='word_1_118' title='bbox 791 2256 1124 2341; x_wconf 86' lang='lat' dir='ltr'><strong>incomprehensibili,</strong></span> <span class='ocrx_word' id='word_1_119' title='bbox 1138 2264 1173 2323; x_wconf 89' lang='lat' dir='ltr'><strong>et</strong></span> <span class='ocrx_word' id='word_1_120' title='bbox 1185 2259 1258 2324; x_wconf 85' lang='lat' dir='ltr'><strong>sine</strong></span> 
     </span>
     <span class='ocr_line' id='line_1_19' title="bbox 172 2358 1258 2437; baseline 0.005 -18"><span class='ocrx_word' id='word_1_121' title='bbox 172 2358 394 2437; x_wconf 77' lang='lat' dir='ltr'><strong>generatione,</strong></span> <span class='ocrx_word' id='word_1_122' title='bbox 409 2359 443 2423; x_wconf 89' lang='lat' dir='ltr'><strong>in</strong></span> <span class='ocrx_word' id='word_1_123' title='bbox 469 2359 572 2423; x_wconf 89' lang='lat' dir='ltr'><strong>Patre</strong></span> <span class='ocrx_word' id='word_1_124' title='bbox 595 2360 638 2424; x_wconf 87' lang='lat' dir='ltr'><strong>ab</strong></span> <span class='ocrx_word' id='word_1_125' title='bbox 663 2359 751 2424; x_wconf 92' lang='lat' dir='ltr'><strong>omni</strong></span> <span class='ocrx_word' id='word_1_126' title='bbox 767 2359 949 2423; x_wconf 76' lang='lat' dir='ltr'><strong>aeternitate</strong></span> <span class='ocrx_word' id='word_1_127' title='bbox 962 2358 1131 2436; x_wconf 82' lang='lat' dir='ltr'><strong>extitisse,</strong></span> <span class='ocrx_word' id='word_1_128' title='bbox 1145 2379 1189 2424; x_wconf 87' lang='lat' dir='ltr'><strong>ex</strong></span> <span class='ocrx_word' id='word_1_129' title='bbox 1201 2379 1258 2424; x_wconf 89' lang='lat' dir='ltr'><strong>eo-</strong></span> 
     </span>
     <span class='ocr_line' id='line_1_20' title="bbox 172 2460 1257 2547; baseline 0.004 -24"><span class='ocrx_word' id='word_1_130' title='bbox 172 2466 326 2541; x_wconf 82' lang='lat' dir='ltr'><strong>queunte</strong></span> <span class='ocrx_word' id='word_1_131' title='bbox 351 2460 469 2525; x_wconf 90' lang='lat' dir='ltr'><strong>Mundi</strong></span> <span class='ocrx_word' id='word_1_132' title='bbox 492 2461 691 2526; x_wconf 86' lang='lat' dir='ltr'><strong>creationem</strong></span> <span class='ocrx_word' id='word_1_133' title='bbox 711 2461 922 2527; x_wconf 83' lang='lat' dir='ltr'><strong>ineffabiliter</strong></span> <span class='ocrx_word' id='word_1_134' title='bbox 947 2481 1132 2542; x_wconf 82' lang='lat' dir='ltr'><strong>emanasse,</strong></span> <span class='ocrx_word' id='word_1_135' title='bbox 1156 2482 1257 2547; x_wconf 88' lang='lat' dir='ltr'><strong>qnam</strong></span> 
     </span>
     <span class='ocr_line' id='line_1_21' title="bbox 172 2560 1258 2647; baseline 0 -21"><span class='ocrx_word' id='word_1_136' title='bbox 172 2563 416 2627; x_wconf 86' lang='lat' dir='ltr'><strong>emanationem</strong></span> <span class='ocrx_word' id='word_1_137' title='bbox 442 2567 512 2627; x_wconf 91' lang='lat' dir='ltr'><strong>tum</strong></span> <span class='ocrx_word' id='word_1_138' title='bbox 542 2564 700 2645; x_wconf 84' lang='lat' dir='ltr'><strong>temporis</strong></span> <span class='ocrx_word' id='word_1_139' title='bbox 723 2560 843 2627; x_wconf 86' lang='lat' dir='ltr'><strong>Patres</strong></span> <span class='ocrx_word' id='word_1_140' title='bbox 870 2564 1113 2643; x_wconf 83' lang='lat' dir='ltr'><strong>generationem</strong></span> <span class='ocrx_word' id='word_1_141' title='bbox 1139 2563 1258 2647; x_wconf 89' lang='lat' dir='ltr'><strong>appel·</strong></span> 
     </span>
     <span class='ocr_line' id='line_1_22' title="bbox 171 2662 1257 2743; baseline 0 -16"><span class='ocrx_word' id='word_1_142' title='bbox 171 2662 281 2743; x_wconf 81' lang='lat' dir='ltr'><strong>lasse3</strong></span> <span class='ocrx_word' id='word_1_143' title='bbox 302 2664 350 2728; x_wconf 82' lang='lat' dir='ltr'><strong>ite</strong></span> <span class='ocrx_word' id='word_1_144' title='bbox 364 2673 402 2728; x_wconf 90' lang='lat' dir='ltr'><strong>nt</strong></span> <span class='ocrx_word' id='word_1_145' title='bbox 415 2666 450 2729; x_wconf 90' lang='lat' dir='ltr'><strong>in</strong></span> <span class='ocrx_word' id='word_1_146' title='bbox 460 2682 572 2729; x_wconf 91' lang='lat' dir='ltr'><strong>eornm</strong></span> <span class='ocrx_word' id='word_1_147' title='bbox 583 2665 759 2741; x_wconf 87' lang='lat' dir='ltr'><strong>sententia,</strong></span> <span class='ocrx_word' id='word_1_148' title='bbox 771 2664 850 2729; x_wconf 87' lang='lat' dir='ltr'><strong>Filii</strong></span> <span class='ocrx_word' id='word_1_149' title='bbox 863 2663 929 2728; x_wconf 88' lang='lat' dir='ltr'><strong>Dei</strong></span> <span class='ocrx_word' id='word_1_150' title='bbox 938 2669 1056 2728; x_wconf 87' lang='lat' dir='ltr'><strong>natura</strong></span> <span class='ocrx_word' id='word_1_151' title='bbox 1066 2682 1133 2729; x_wconf 91' lang='lat' dir='ltr'><strong>uon</strong></span> <span class='ocrx_word' id='word_1_152' title='bbox 1145 2664 1257 2727; x_wconf 90' lang='lat' dir='ltr'><strong>solum</strong></span> 
     </span>
     <span class='ocr_line' id='line_1_23' title="bbox 170 2764 1257 2843; baseline -0.001 -13"><span class='ocrx_word' id='word_1_153' title='bbox 170 2773 247 2831; x_wconf 85' lang='lat' dir='ltr'><strong>ente</strong></span> <span class='ocrx_word' id='word_1_154' title='bbox 268 2765 389 2830; x_wconf 82' lang='lat' dir='ltr'><strong>Mundi</strong></span> <span class='ocrx_word' id='word_1_155' title='bbox 405 2767 685 2842; x_wconf 87' lang='lat' dir='ltr'><strong>constitutionem,</strong></span> <span class='ocrx_word' id='word_1_156' title='bbox 709 2766 768 2829; x_wconf 82' lang='lat' dir='ltr'><strong>sed</strong></span> <span class='ocrx_word' id='word_1_157' title='bbox 783 2767 885 2830; x_wconf 86' lang='lat' dir='ltr'><strong>etiam</strong></span> <span class='ocrx_word' id='word_1_158' title='bbox 911 2773 1078 2830; x_wconf 68' lang='lat' dir='ltr'><strong>coeterna</strong></span> <span class='ocrx_word' id='word_1_159' title='bbox 1092 2764 1168 2829; x_wconf 89' lang='lat' dir='ltr'><strong>Deo</strong></span> <span class='ocrx_word' id='word_1_160' title='bbox 1181 2764 1257 2843; x_wconf 82' lang='lat' dir='ltr'><strong>fnit,</strong></span> 
     </span>
     <span class='ocr_line' id='line_1_24' title="bbox 170 2866 1257 2955; baseline -0.001 -24"><span class='ocrx_word' id='word_1_161' title='bbox 170 2866 244 2950; x_wconf 87' lang='lat' dir='ltr'><strong>ejus</strong></span> <span class='ocrx_word' id='word_1_162' title='bbox 257 2886 339 2932; x_wconf 86' lang='lat' dir='ltr'><strong>vero</strong></span> <span class='ocrx_word' id='word_1_163' title='bbox 353 2867 583 2933; x_wconf 87' lang='lat' dir='ltr'><strong>Persoualitas</strong></span> <span class='ocrx_word' id='word_1_164' title='bbox 595 2868 728 2932; x_wconf 90' lang='lat' dir='ltr'><strong>nonnisi</strong></span> <span class='ocrx_word' id='word_1_165' title='bbox 751 2868 931 2955; x_wconf 88' lang='lat' dir='ltr'><strong>improprie</strong></span> <span class='ocrx_word' id='word_1_166' title='bbox 951 2867 1019 2933; x_wconf 87' lang='lat' dir='ltr'><strong>diei</strong></span> <span class='ocrx_word' id='word_1_167' title='bbox 1032 2873 1149 2951; x_wconf 85' lang='lat' dir='ltr'><strong>potest</strong></span> <span class='ocrx_word' id='word_1_168' title='bbox 1162 2872 1257 2931; x_wconf 77' lang='lat' dir='ltr'><strong>mter-</strong></span> 
     </span>
     <span class='ocr_line' id='line_1_25' title="bbox 167 2968 1256 3055; baseline -0.004 -21"><span class='ocrx_word' id='word_1_169' title='bbox 167 2988 221 3047; x_wconf 90' lang='lat' dir='ltr'><strong>na‚</strong></span> <span class='ocrx_word' id='word_1_170' title='bbox 237 2976 403 3055; x_wconf 88' lang='lat' dir='ltr'><strong>quatenns</strong></span> <span class='ocrx_word' id='word_1_171' title='bbox 418 2970 548 3034; x_wconf 84' lang='lat' dir='ltr'><strong>seilicet</strong></span> <span class='ocrx_word' id='word_1_172' title='bbox 567 2976 643 3034; x_wconf 88' lang='lat' dir='ltr'><strong>ante</strong></span> <span class='ocrx_word' id='word_1_173' title='bbox 669 2977 828 3054; x_wconf 89' lang='lat' dir='ltr'><strong>tempora,</strong></span> <span class='ocrx_word' id='word_1_174' title='bbox 846 2989 905 3034; x_wconf 82' lang='lat' dir='ltr'><strong>seu</strong></span> <span class='ocrx_word' id='word_1_175' title='bbox 920 2968 1039 3034; x_wconf 89' lang='lat' dir='ltr'><strong>Mundi</strong></span> <span class='ocrx_word' id='word_1_176' title='bbox 1053 2968 1256 3033; x_wconf 90' lang='lat' dir='ltr'><strong>creationem</strong></span> 
     </span>
     <span class='ocr_line' id='line_1_26' title="bbox 166 3068 1257 3155; baseline -0.005 -19"><span class='ocrx_word' id='word_1_177' title='bbox 166 3072 321 3137; x_wconf 83' lang='lat' dir='ltr'><strong>extiterit</strong></span> <span class='ocrx_word' id='word_1_178' title='bbox 355 3068 442 3149; x_wconf 79' lang='lat' dir='ltr'><strong>Quae</strong></span> <span class='ocrx_word' id='word_1_179' title='bbox 455 3071 574 3136; x_wconf 85' lang='lat' dir='ltr'><strong>iisdem</strong></span> <span class='ocrx_word' id='word_1_180' title='bbox 587 3090 686 3155; x_wconf 85' lang='lat' dir='ltr'><strong>paene</strong></span> <span class='ocrx_word' id='word_1_181' title='bbox 700 3072 822 3150; x_wconf 85' lang='lat' dir='ltr'><strong>verbis,</strong></span> <span class='ocrx_word' id='word_1_182' title='bbox 836 3071 880 3136; x_wconf 91' lang='lat' dir='ltr'><strong>de</strong></span> <span class='ocrx_word' id='word_1_183' title='bbox 889 3070 1097 3135; x_wconf 85' lang='lat' dir='ltr'><strong>Tertulliano</strong></span> <span class='ocrx_word' id='word_1_184' title='bbox 1104 3068 1257 3151; x_wconf 88' lang='lat' dir='ltr'><strong>loquens,</strong></span> 
     </span>
     <span class='ocr_line' id='line_1_27' title="bbox 167 3173 1257 3257; baseline -0.005 -19"><span class='ocrx_word' id='word_1_185' title='bbox 167 3174 285 3257; x_wconf 85' lang='lat' dir='ltr'><strong>repetit</strong></span> <span class='ocrx_word' id='word_1_186' title='bbox 297 3175 333 3239; x_wconf 90' lang='lat' dir='ltr'><strong>iu</strong></span> <span class='ocrx_word' id='word_1_187' title='bbox 349 3174 442 3239; x_wconf 80' lang='lat' dir='ltr'><strong>Hist.</strong></span> <span class='ocrx_word' id='word_1_188' title='bbox 458 3175 549 3241; x_wconf 88' lang='lat' dir='ltr'><strong>Ecol.</strong></span> <span class='ocrx_word' id='word_1_189' title='bbox 565 3192 617 3239; x_wconf 86' lang='lat' dir='ltr'><strong>en.</strong></span> <span class='ocrx_word' id='word_1_190' title='bbox 632 3173 705 3239; x_wconf 82' lang='grc'><strong>186.</strong></span> <span class='ocrx_word' id='word_1_191' title='bbox 719 3174 877 3237; x_wconf 87' lang='lat' dir='ltr'><strong>lectorem</strong></span> <span class='ocrx_word' id='word_1_192' title='bbox 890 3179 1052 3254; x_wconf 85' lang='lat' dir='ltr'><strong>praeterea</strong></span> <span class='ocrx_word' id='word_1_193' title='bbox 1066 3188 1200 3234; x_wconf 84' lang='lat' dir='ltr'><strong>mouens</strong></span> <span class='ocrx_word' id='word_1_194' title='bbox 1213 3188 1257 3233; x_wconf 93' lang='lat' dir='ltr'><strong>ne</strong></span> 
     </span>
     <span class='ocr_line' id='line_1_28' title="bbox 167 3272 1255 3361; baseline -0.006 -20"><span class='ocrx_word' id='word_1_195' title='bbox 167 3274 328 3341; x_wconf 85' lang='lat' dir='ltr'><strong>Patribus</strong></span> <span class='ocrx_word' id='word_1_196' title='bbox 344 3278 403 3361; x_wconf 88' lang='lat' dir='ltr'><strong>qui</strong></span> <span class='ocrx_word' id='word_1_197' title='bbox 417 3284 497 3361; x_wconf 90' lang='lat' dir='ltr'><strong>post</strong></span> <span class='ocrx_word' id='word_1_198' title='bbox 517 3278 677 3343; x_wconf 79' lang='lat' dir='ltr'><strong>saeerdum</strong></span> <span class='ocrx_word' id='word_1_199' title='bbox 701 3274 935 3360; x_wconf 79' lang='lat' dir='ltr'><strong>Apostolicum</strong></span> <span class='ocrx_word' id='word_1_200' title='bbox 949 3272 1140 3349; x_wconf 81' lang='lat' dir='ltr'><strong>floruerunt,</strong></span> <span class='ocrx_word' id='word_1_201' title='bbox 1153 3272 1255 3336; x_wconf 84' lang='lat' dir='ltr'><strong>nimis</strong></span> 
     </span>
     <span class='ocr_line' id='line_1_29' title="bbox 168 3374 1255 3461; baseline -0.002 -22"><span class='ocrx_word' id='word_1_202' title='bbox 168 3375 298 3459; x_wconf 89' lang='lat' dir='ltr'><strong>credat;</strong></span> <span class='ocrx_word' id='word_1_203' title='bbox 320 3396 395 3461; x_wconf 79' lang='lat' dir='ltr'><strong>quae</strong></span> <span class='ocrx_word' id='word_1_204' title='bbox 408 3378 519 3443; x_wconf 89' lang='lat' dir='ltr'><strong>omnia</strong></span> <span class='ocrx_word' id='word_1_205' title='bbox 533 3396 574 3443; x_wconf 91' lang='lat' dir='ltr'><strong>eo</strong></span> <span class='ocrx_word' id='word_1_206' title='bbox 596 3376 748 3454; x_wconf 86' lang='lat' dir='ltr'><strong>tendunt,</strong></span> <span class='ocrx_word' id='word_1_207' title='bbox 763 3383 803 3440; x_wconf 92' lang='lat' dir='ltr'><strong>ut</strong></span> <span class='ocrx_word' id='word_1_208' title='bbox 824 3394 941 3441; x_wconf 83' lang='lat' dir='ltr'><strong>eversa</strong></span> <span class='ocrx_word' id='word_1_209' title='bbox 962 3374 1151 3451; x_wconf 85' lang='lat' dir='ltr'><strong>traditione,</strong></span> <span class='ocrx_word' id='word_1_210' title='bbox 1165 3392 1207 3438; x_wconf 91' lang='lat' dir='ltr'><strong>ac</strong></span> <span class='ocrx_word' id='word_1_211' title='bbox 1219 3375 1255 3437; x_wconf 95' lang='lat' dir='ltr'><strong>in</strong></span> 
     </span>
     <span class='ocr_line' id='line_1_30' title="bbox 167 3474 1255 3563; baseline -0.004 -21"><span class='ocrx_word' id='word_1_212' title='bbox 167 3476 241 3542; x_wconf 86' lang='lat' dir='ltr'><strong>sola</strong></span> <span class='ocrx_word' id='word_1_213' title='bbox 256 3478 500 3562; x_wconf 85' lang='lat' dir='ltr'><strong>seripturarum</strong></span> <span class='ocrx_word' id='word_1_214' title='bbox 514 3478 729 3556; x_wconf 82' lang='lat' dir='ltr'><strong>revelatione,</strong></span> <span class='ocrx_word' id='word_1_215' title='bbox 749 3478 904 3563; x_wconf 85' lang='lat' dir='ltr'><strong>privatim</strong></span> <span class='ocrx_word' id='word_1_216' title='bbox 919 3483 1071 3559; x_wconf 88' lang='lat' dir='ltr'><strong>accepta,</strong></span> <span class='ocrx_word' id='word_1_217' title='bbox 1091 3474 1190 3540; x_wconf 88' lang='lat' dir='ltr'><strong>Fidei</strong></span> <span class='ocrx_word' id='word_1_218' title='bbox 1203 3494 1255 3538; x_wconf 88' lang='lat' dir='ltr'><strong>re-</strong></span> 
     </span>
     <span class='ocr_line' id='line_1_31' title="bbox 167 3576 1255 3661; baseline -0.004 -18"><span class='ocrx_word' id='word_1_219' title='bbox 167 3578 245 3661; x_wconf 85' lang='lat' dir='ltr'><strong>gola</strong></span> <span class='ocrx_word' id='word_1_220' title='bbox 266 3580 460 3658; x_wconf 86' lang='lat' dir='ltr'><strong>constituta,</strong></span> <span class='ocrx_word' id='word_1_221' title='bbox 483 3579 695 3644; x_wconf 84' lang='lat' dir='ltr'><strong>Catholienm</strong></span> <span class='ocrx_word' id='word_1_222' title='bbox 721 3579 764 3643; x_wconf 91' lang='lat' dir='ltr'><strong>de</strong></span> <span class='ocrx_word' id='word_1_223' title='bbox 785 3578 892 3645; x_wconf 88' lang='lat' dir='ltr'><strong>Verbi</strong></span> <span class='ocrx_word' id='word_1_224' title='bbox 920 3578 1106 3644; x_wconf 80' lang='lat' dir='ltr'><strong>Divinitate</strong></span> <span class='ocrx_word' id='word_1_225' title='bbox 1132 3576 1255 3657; x_wconf 78' lang='lat' dir='ltr'><strong>dogma</strong></span> 
     </span>
     <span class='ocr_line' id='line_1_32' title="bbox 165 3680 1254 3765; baseline -0.003 -21"><span class='ocrx_word' id='word_1_226' title='bbox 165 3680 346 3759; x_wconf 85' lang='lat' dir='ltr'><strong>convellat,</strong></span> <span class='ocrx_word' id='word_1_227' title='bbox 362 3682 454 3765; x_wconf 90' lang='lat' dir='ltr'><strong>quod</strong></span> <span class='ocrx_word' id='word_1_228' title='bbox 478 3682 571 3746; x_wconf 85' lang='lat' dir='ltr'><strong>velut</strong></span> <span class='ocrx_word' id='word_1_229' title='bbox 595 3681 687 3745; x_wconf 91' lang='lat' dir='ltr'><strong>aliud</strong></span> <span class='ocrx_word' id='word_1_230' title='bbox 703 3700 817 3765; x_wconf 88' lang='lat' dir='ltr'><strong>agens,</strong></span> <span class='ocrx_word' id='word_1_231' title='bbox 831 3699 950 3763; x_wconf 85' lang='lat' dir='ltr'><strong>magno</strong></span> <span class='ocrx_word' id='word_1_232' title='bbox 964 3680 1138 3745; x_wconf 83' lang='lat' dir='ltr'><strong>verberum</strong></span> <span class='ocrx_word' id='word_1_233' title='bbox 1149 3696 1254 3761; x_wconf 88' lang='lat' dir='ltr'><strong>appu-</strong></span> 
     </span>
     <span class='ocr_line' id='line_1_33' title="bbox 164 3779 1174 3866; baseline -0.004 -22"><span class='ocrx_word' id='word_1_234' title='bbox 164 3785 239 3844; x_wconf 89' lang='lat' dir='ltr'><strong>ratu</strong></span> <span class='ocrx_word' id='word_1_235' title='bbox 253 3780 387 3845; x_wconf 89' lang='lat' dir='ltr'><strong>molitur</strong></span> <span class='ocrx_word' id='word_1_236' title='bbox 400 3782 433 3846; x_wconf 91' lang='lat' dir='ltr'><strong>in</strong></span> <span class='ocrx_word' id='word_1_237' title='bbox 448 3800 500 3866; x_wconf 88' lang='lat' dir='ltr'><strong>ep.</strong></span> <span class='ocrx_word' id='word_1_238' title='bbox 517 3800 565 3845; x_wconf 82' lang='grc' dir='ltr'><strong>ιν.</strong></span> <span class='ocrx_word' id='word_1_239' title='bbox 582 3780 718 3860; x_wconf 84' lang='lat' dir='ltr'><strong>Critiae,</strong></span> <span class='ocrx_word' id='word_1_240' title='bbox 733 3801 811 3866; x_wconf 84' lang='lat' dir='ltr'><strong>qnoe</strong></span> <span class='ocrx_word' id='word_1_241' title='bbox 826 3790 879 3847; x_wconf 86' lang='lat' dir='ltr'><strong>est</strong></span> <span class='ocrx_word' id='word_1_242' title='bbox 892 3782 935 3847; x_wconf 92' lang='lat' dir='ltr'><strong>de</strong></span> <span class='ocrx_word' id='word_1_243' title='bbox 948 3800 1012 3845; x_wconf 88' lang='lat' dir='ltr'><strong>nso</strong></span> <span class='ocrx_word' id='word_1_244' title='bbox 1027 3779 1174 3843; x_wconf 83' lang='lat' dir='ltr'><strong>Petrum.</strong></span> 
     </span>
    </p>

    <p class='ocr_par' dir='ltr' id='par_1_6' title="bbox 163 3878 1256 4271">
     <span class='ocr_line' id='line_1_34' title="bbox 208 3878 1255 3969; baseline -0.001 -22"><span class='ocrx_word' id='word_1_245' title='bbox 208 3880 264 3947; x_wconf 91' lang='lat' dir='ltr'><strong>Ne</strong></span> <span class='ocrx_word' id='word_1_246' title='bbox 280 3882 409 3965; x_wconf 85' lang='lat' dir='ltr'><strong>longius</strong></span> <span class='ocrx_word' id='word_1_247' title='bbox 424 3902 522 3968; x_wconf 88' lang='lat' dir='ltr'><strong>quam</strong></span> <span class='ocrx_word' id='word_1_248' title='bbox 531 3903 594 3967; x_wconf 90' lang='lat' dir='ltr'><strong>par</strong></span> <span class='ocrx_word' id='word_1_249' title='bbox 608 3890 670 3961; x_wconf 84' lang='lat' dir='ltr'><strong>est,</strong></span> <span class='ocrx_word' id='word_1_250' title='bbox 691 3885 898 3969; x_wconf 86' lang='lat' dir='ltr'><strong>progrediar,</strong></span> <span class='ocrx_word' id='word_1_251' title='bbox 920 3882 1004 3947; x_wconf 89' lang='lat' dir='ltr'><strong>nibil</strong></span> <span class='ocrx_word' id='word_1_252' title='bbox 1016 3879 1072 3944; x_wconf 89' lang='lat' dir='ltr'><strong>bie</strong></span> <span class='ocrx_word' id='word_1_253' title='bbox 1087 3878 1129 3943; x_wconf 93' lang='lat' dir='ltr'><strong>de</strong></span> <span class='ocrx_word' id='word_1_254' title='bbox 1143 3880 1255 3946; x_wconf 90' lang='lat' dir='ltr'><strong>Patri·</strong></span> 
     </span>
     <span class='ocr_line' id='line_1_35' title="bbox 163 3982 1254 4068; baseline 0 -21"><span class='ocrx_word' id='word_1_255' title='bbox 163 3984 228 4047; x_wconf 88' lang='lat' dir='ltr'><strong>bus</strong></span> <span class='ocrx_word' id='word_1_256' title='bbox 244 3983 460 4049; x_wconf 88' lang='lat' dir='ltr'><strong>Antenieenis</strong></span> <span class='ocrx_word' id='word_1_257' title='bbox 475 3984 597 4062; x_wconf 87' lang='lat' dir='ltr'><strong>dicam,</strong></span> <span class='ocrx_word' id='word_1_258' title='bbox 612 4003 748 4068; x_wconf 91' lang='lat' dir='ltr'><strong>quorum</strong></span> <span class='ocrx_word' id='word_1_259' title='bbox 766 3986 926 4050; x_wconf 83' lang='lat' dir='ltr'><strong>adversus</strong></span> <span class='ocrx_word' id='word_1_260' title='bbox 946 3982 1134 4061; x_wconf 86' lang='lat' dir='ltr'><strong>Petarium,</strong></span> <span class='ocrx_word' id='word_1_261' title='bbox 1157 3982 1254 4049; x_wconf 86' lang='lat' dir='ltr'><strong>Wol-</strong></span> 
     </span>
     <span class='ocr_line' id='line_1_36' title="bbox 165 4082 1256 4175; baseline -0.002 -26"><span class='ocrx_word' id='word_1_262' title='bbox 165 4086 346 4168; x_wconf 79' lang='lat' dir='ltr'><strong>zogenium,</strong></span> <span class='ocrx_word' id='word_1_263' title='bbox 369 4082 546 4164; x_wconf 84' lang='lat' dir='ltr'><strong>Glerioum,</strong></span> <span class='ocrx_word' id='word_1_264' title='bbox 571 4086 724 4175; x_wconf 86' lang='lat' dir='ltr'><strong>aliosque</strong></span> <span class='ocrx_word' id='word_1_265' title='bbox 744 4085 908 4150; x_wconf 87' lang='lat' dir='ltr'><strong>vindicias</strong></span> <span class='ocrx_word' id='word_1_266' title='bbox 929 4084 1059 4167; x_wconf 75' lang='lat' dir='ltr'><strong>egregie</strong></span> <span class='ocrx_word' id='word_1_267' title='bbox 1080 4083 1256 4167; x_wconf 81' lang='lat' dir='ltr'><strong>prosecuti</strong></span> 
     </span>
     <span class='ocr_line' id='line_1_37' title="bbox 163 4184 1252 4271; baseline -0.002 -20"><span class='ocrx_word' id='word_1_268' title='bbox 163 4192 241 4251; x_wconf 83' lang='lat' dir='ltr'><strong>sunt</strong></span> <span class='ocrx_word' id='word_1_269' title='bbox 254 4186 439 4255; x_wconf 78' lang='lat' dir='ltr'><strong>doctissimi</strong></span> <span class='ocrx_word' id='word_1_270' title='bbox 454 4188 517 4254; x_wconf 86' lang='lat' dir='ltr'><strong>viri</strong></span> <span class='ocrx_word' id='word_1_271' title='bbox 531 4186 695 4271; x_wconf 85' lang='lat' dir='ltr'><strong>Georgius</strong></span> <span class='ocrx_word' id='word_1_272' title='bbox 711 4187 828 4253; x_wconf 83' lang='lat' dir='ltr'><strong>Bullus</strong></span> <span class='ocrx_word' id='word_1_273' title='bbox 836 4188 869 4253; x_wconf 91' lang='lat' dir='ltr'><strong>in</strong></span> <span class='ocrx_word' id='word_1_274' title='bbox 881 4186 1016 4253; x_wconf 82' lang='lat' dir='ltr'><strong>Dolens.</strong></span> <span class='ocrx_word' id='word_1_275' title='bbox 1029 4186 1106 4252; x_wconf 77' lang='lat' dir='ltr'><strong>Fid.</strong></span> <span class='ocrx_word' id='word_1_276' title='bbox 1121 4184 1252 4261; x_wconf 84' lang='lat' dir='ltr'><strong>Nicen,</strong></span> 
     </span>
    </p>
   </div>
   <div class='ocr_carea' id='block_1_6' title="bbox 0 0 1522 4900">
    <p class='ocr_par' dir='ltr' id='par_1_7' title="bbox 0 0 1522 4900">
     <span class='ocr_line' id='line_1_38' title="bbox 0 0 1522 4900; baseline 0 3"><span class='ocrx_word' id='word_1_277' title='bbox 0 0 1522 4900; x_wconf 95' lang='lat' dir='ltr'><strong> </strong></span> 
     </span>
    </p>
   </div>
  </div>
 </body>
</html>
