3034 4900
714 798 831 853 =DE

385 1053 640 1147 METRIS
691 1045 1226 1142 PRUDENTIANIS.

657 1335 959 1350 m

264 1559 446 1650 Gnunnu
461 1589 651 1659 metrorum,
666 1579 788 1664 quibus
802 1577 1006 1643 Prudentius
1019 1579 1053 1644 iu
1077 1576 1209 1660 hymnis
1231 1571 1361 1637 Praefa-

264 1686 481 1769 tionibusque
496 1703 579 1749 usus
594 1689 656 1764 est,
673 1687 750 1748 sunt
763 1681 1001 1763 duodeviginti.
1091 1702 1095 1709 ·

300 1833 460 1900 Primum
486 1852 608 1916 genus:
639 1840 677 1897 ut
706 1830 800 1917 praei.
825 1830 1016 1896 Cathemer.
1048 1849 1124 1912 qnae
1149 1779 1203 1894 est
1225 1827 1363 1893 tricoios

267 1935 479 2020 tristrophos.
508 1934 641 1999 Primus
657 1935 798 2018 quisque
811 1951 930 1997 versus
946 1937 999 1998 est
1013 1929 1267 1997 Choriambicus
1281 1928 1366 2014 Gly-

137 2055 141 2060 ·
267 2038 388 2102 conius
410 2039 556 2102 trimeter
578 2036 808 2102 acatalectus:
831 2038 989 2098 constans
1013 2053 1032 2095 e
1058 2033 1233 2122 spondaeo,
1249 2031 1366 2098 Chori-

269 2141 380 2220 ambo,
401 2147 436 2204 et
456 2139 664 2224 Pyrrhichio.
708 2136 885 2204 Secundus
908 2135 1163 2201 choriambicus
1186 2133 1365 2218 Asclepia-

270 2237 355 2305 deus
381 2245 568 2306 tetrameter
593 2241 814 2307 acatalectus:
837 2239 897 2323 qui
923 2245 1054 2304 constat
1079 2259 1099 2302 e
1126 2238 1301 2320 spondaeo,
1330 2244 1366 2301 et

269 2341 402 2406 duobus
417 2340 637 2421 Choriambis,
651 2349 684 2407 et
706 2342 912 2426 Pyrrhichio.
955 2341 1090 2406 Tertius
1112 2339 1365 2405 choriambicus

273 2442 433 2509 Alcaicus
450 2452 654 2528 pentameter
674 2445 905 2510 acatalectus:
928 2444 988 2529 qui
1003 2448 1133 2510 constat
1153 2463 1173 2506 e
1192 2439 1368 2527 spondaeo,

271 2546 378 2609 tribus
394 2544 607 2625 choriambis,
621 2554 656 2611 et
669 2545 877 2630 Pyrrhichio.

316 2646 422 2713 Primi
437 2650 588 2731 generis:
610 2667 680 2713 una
694 2646 855 2713 Praelatio
871 2646 1091 2715 Cathemerin.

317 2798 509 2863 Secundum
533 2819 653 2882 genus:
677 2804 712 2865 ut
736 2798 848 2884 hymn.
869 2800 901 2864 1.
928 2797 1077 2863 Cathem.
1098 2798 1155 2883 qui
1181 2804 1234 2861 est
1248 2817 1365 2863 monuo

275 2900 383 2967 colos.
429 2898 554 2965 Omnes
582 2921 699 2991 versus
729 2910 807 2967 sunt
830 2900 970 2967 iambici
999 2900 1207 2966 Archilochii
1240 2898 1371 2963 dimetri

277 3002 474 3083 acatalecti3
497 3008 690 3068 constantes
719 3022 739 3066 e
766 3010 907 3086 quatuor
932 3004 1070 3069 iambis:
1092 3009 1228 3087 recepto
1257 3008 1370 3066 tamen

277 3106 310 3169 iu
324 3105 414 3169 locis
425 3105 608 3189 imparibus
623 3106 725 3171 etiam
741 3106 913 3191 spondaeo.

321 3204 465 3271 Secundi
479 3208 608 3288 generis
621 3228 630 3273 ι
641 3208 752 3292 hymn.
768 3208 799 3272 6.
823 3205 1094 3290 Cathemhymn.
1112 3207 1139 3269 l.
1154 3206 1186 3271 2.
1201 3205 1254 3270 11.
1270 3212 1303 3269 et
1317 3202 1373 3268 12.

279 3306 399 3372 Perist.
412 3306 522 3391 hymn.
535 3308 567 3371 2.
581 3316 616 3373 et
629 3310 661 3373 5.
1147 3322 1150 3328 '

322 3457 474 3523 Tertium
490 3478 614 3542 genus:
636 3464 673 3524 ut
685 3458 797 3545 hymn.
812 3458 844 3525 3.
860 3458 1010 3525 cathem.
1026 3460 1083 3543 qui
1104 3467 1156 3523 est
1169 3458 1374 3523 monocolos.

282 3560 408 3625 Omnes
427 3579 542 3624 versus
565 3567 643 3627 suut
660 3560 827 3649 Dactylici
848 3561 986 3627 trimetri
999 3559 1272 3646 hypercatalecti:
1296 3578 1376 3623 con·

281 3668 409 3727 stantes
425 3661 534 3726 tribus
550 3660 695 3747 dactylis
710 3671 745 3728 et
765 3663 905 3747 syllaba.

325 3762 428 3829 Tertii
438 3763 587 3846 generis:
602 3764 753 3849 hymn2.
770 3764 1079 3851 Cathembymnll.
1095 3768 1215 3833 Perist.
1225 3768 1377 3852 hymn.3.

329 3915 491 3994 Quartum
514 3936 636 4001 genus:
659 3926 700 3983 ut
728 3921 841 4007 hymn.
861 3922 893 3984 4.
925 3918 1075 3986 Cathem.
1107 3922 1166 4005 qui
1190 3926 1241 3986 est
1261 3940 1380 3985 mono-

286 4017 392 4083 colos.
423 4018 552 4086 Versus
564 4025 641 4085 sunt
653 4020 946 4105 hendecasyllabi:
963 4023 1021 4105 qui
1033 4026 1191 4087 constant
1202 4019 1378 4105 spondaeo,

286 4116 433 4202 dactylo,
451 4128 484 4187 et
496 4123 604 4188 trihus
619 4123 784 4189 trochaeis.
