3034 4900
8 3791 24 3826 la

489 406 768 456 nrrrsrrrarrou
791 403 919 456 arura
941 405 989 453 vr.
1209 389 1275 458 crs

441 546 490 614 Ut
503 564 582 630 qum
597 545 751 612 laborum
766 548 935 634 particeps

396 647 581 714 Commune
594 647 776 715 discrimen
789 650 878 728 tulit,

396 752 498 816 Sitai
512 750 798 834 eohaeoesgloriae
1209 755 1274 819 575

283 927 286 932 ,
396 850 535 918 Cunctis
551 855 587 919 iu
602 873 715 921 aarum
729 853 878 919 saeculis.

175 1001 1275 1070 mamru‚qaaestresteamttteurstr‚ura‚esmratonmpmioepeuceapm
1309 998 1313 1008 '

167 1071 262 1133 fucrit,
273 1068 1019 1132 miterniatoetticmaeictiiugitriuiitiimmu.

362 1425 579 1476 antrom't'lo
601 1425 643 1474 lli
667 1423 840 1473 HYMNUM
865 1423 1106 1487 SEQUENTEM.

179 1543 290 1604 Basrr
318 1541 509 1604 Faucruosr
538 1543 680 1624 Episcopi
702 1542 946 1618 Tarraconensis,
979 1547 1184 1626 sociorumque
1213 1546 1277 1628 ejus

97 1681 105 1694 .
178 1642 305 1722 Augurii
319 1651 350 1702 et
366 1641 483 1722 Eulogii
498 1640 699 1702 Diaoouorum
711 1639 790 1699 Acta
802 1639 891 1700 refert
904 1639 1069 1701 Bollandus
1082 1642 1121 1702 ad
1135 1642 1213 1703 diem
1226 1647 1278 1706 21.

176 1738 293 1800 mansis
310 1737 454 1811 Jsuuarii,
478 1759 558 1819 quae,
571 1757 640 1798 cum
652 1736 781 1818 antiquis
807 1736 967 1798 Codicibus
991 1736 1110 1814 collata,
1132 1749 1221 1820 atqua
1241 1761 1279 1803 ax

178 1835 295 1896 Sancto
308 1836 477 1916 Augustino
498 1844 528 1895 et
546 1833 709 1895 Prudentio
731 1841 834 1895 nostro
854 1835 1035 1908 confirmata,
1061 1847 1205 1918 tauquam
1225 1857 1280 1898 su·

178 1931 315 1994 theutica
343 1933 453 2012 recepit
486 1949 523 1992 ac
552 1929 687 1990 laudarit
713 1929 903 1991 doctissimus
932 1929 1113 1994 Ruioartius.
1165 1933 1280 1995 Habuit

182 2029 314 2089 Sanctus
336 2027 522 2108 Augustinus
557 2027 587 2086 iu
614 2024 775 2087 eorundem
795 2027 971 2088 Sanctorum
993 2027 1085 2089 natali
1108 2031 1279 2092 Sermonem

72 2201 78 2213 Ι
180 2129 254 2186 2⁷3.
264 2144 350 2186 uorar
363 2123 522 2197 Editiouis,
536 2121 611 2184 alias
625 2122 662 2182 de
676 2120 813 2195 dirersis,
836 2123 865 2181 in
888 2143 948 2202 quo
969 2134 1094 2185 testatur
1107 2146 1208 2186 eorum
1220 2127 1281 2187 iss·

180 2233 247 2286 tum
262 2220 342 2302 apud
357 2219 670 2302 Hipponem-lisgium
689 2217 869 2279 celebratum
893 2219 986 2280 fuisse
1001 2219 1049 2282 die
1071 2223 1121 2280 21.
1137 2221 1280 2298 ianuarii,

181 2337 245 2400 qua
257 2316 377 2398 quidem
397 2317 446 2378 dio
459 2328 523 2376 tum
541 2316 571 2374 iu
583 2315 668 2375 noris
686 2323 750 2374 tum
759 2313 791 2372 iu
805 2315 950 2376 veteribus
965 2317 1186 2398 Martyrologiis
1199 2319 1280 2400 ipso-

180 2437 249 2479 rum
261 2414 402 2477 memoria
412 2413 560 2477 recolitur.
602 2411 688 2474 Passi
702 2421 774 2473 suut
787 2420 886 2473 autem
903 2411 984 2493 apud
996 2415 1189 2479 Tarraconem
1203 2416 1281 2479 cela·

180 2515 267 2577 brem
280 2514 351 2575 olim
372 2513 526 2593 llispsuioe
539 2512 681 2573 citerioris
696 2510 887 2589 Metropolim
906 2510 937 2573 iu
957 2512 1101 2575 hodierna
1114 2514 1280 2587 Caulonis,

180 2611 414 2693 Imperatoribus
424 2608 582 2671 Valeriano
593 2619 625 2671 st
638 2608 787 2677 Gallieno,
803 2608 857 2668 sub
872 2610 960 2670 Coss.
970 2612 1127 2672 AEmiliauo
1142 2623 1172 2674 st
1185 2612 1281 2673 Basso

182 2730 235 2772 au.
249 2710 306 2772 Ch.
321 2727 434 2770 ccrrx.
450 2708 498 2769 dia
513 2706 667 2788 predicta.
707 2707 822 2767 Horum
840 2707 1015 2768 Sanctorum
1029 2708 1192 2788 Martyrum
1214 2730 1281 2771 cor·

181 2827 259 2889 pora
269 2809 301 2869 in
314 2806 431 2867 ltaliam
442 2804 631 2885 postmodum
643 2802 789 2863 muslata
802 2800 895 2863 luisse
909 2804 1047 2865 observat
1056 2804 1144 2865 Joau.
1159 2804 1281 2867 Bollan-

182 2902 448 2967 dusaxMariauoe
462 2902 595 2963 Historia
609 2920 658 2963 ιν.
683 2903 732 2961 10.
756 2909 787 2960 at
810 2902 952 2963 asservari
972 2902 1004 2961 in
1023 2902 1204 2964 Moussterio
1225 2906 1283 2965 Or·

183 3003 265 3063 diuis
279 3000 467 3062 Benedictini
482 2988 552 3061 uon¹
564 2999 655 3080 louge
678 3000 715 3059 ab
738 3000 810 3062 urbe
830 3000 947 3075 Genua,
961 2999 1100 3081 Ligurum
1113 3001 1281 3084 Metropoli,

183 3099 330 3172 distante,
345 3095 427 3179 quod
442 3094 492 3157 alii
505 3105 625 3176 negant
789 3092 793 3101 '

31 3367 41 3396 t
122 3353 128 3365 ’
185 3355 242 3405 Vl.
302 3358 343 3407 ΙΝ
383 3358 568 3409 HOMOBEM
607 3357 827 3408 MARTYRUM
863 3358 1074 3411 rauctuost
1115 3358 1281 3409 triscort

252 3458 583 3523 TARRAOONBNSIS,
606 3460 654 3508 ΒΤ
679 3460 865 3524 aucunup
899 3460 945 3508 ltu
970 3462 1126 3511 Euboan
1151 3460 1283 3512 niaco-

254 3562 404 3614 uoltum.

183 3694 303 3749 Exhlbct
311 3698 355 3750 lrlc
365 3698 485 3764 Hymnus
495 3699 628 3749 hirtorlaru
639 3697 773 3749 Passionis
790 3699 881 3751 luorum
896 3700 973 3750 trium
981 3700 1136 3763 Martyrum,
1153 3696 1197 3763 qul
1215 3709 1284 3746 com·

219 3778 343 3845 prehensi
350 3793 382 3831 ac
390 3780 418 3832 iu
426 3794 557 3832 carcarem
570 3780 646 3843 trusi,
655 3778 765 3831 flammis
776 3782 939 3845 postmodum
950 3780 1049 3845 lnjcctl,
1060 3778 1158 3830 ematis
1168 3778 1286 3841 vinculis,

219 3868 250 3913 ct
259 3860 378 3914 manibus
389 3862 417 3913 lu
426 3862 530 3913 modum
542 3862 626 3912 crucis
638 3862 766 3927 expausis,
774 3862 928 3926 Martyrium
939 3862 1142 3927 compleverunt.

276 3992 404 4059 Fuurx
419 3994 588 4083 'l'urraco,¹
597 3992 841 4071 Faucruosu,
856 3995 974 4059 restris

275 4096 416 4165 Attollit
430 4106 537 4184 caput
549 4097 683 4182 ignibus
698 4115 890 4175 coruscum,

222 4266 658 4333 ‘’WFrroetrrssmaarmrtprio
667 4264 1286 4347 miiiiratrlmpael'rrrsampsmapm.
