3034 4900
588 428 796 478 anscario.
1214 415 1236 481 9

141 574 237 642 modo
252 578 380 652 essent,
398 591 440 637 ac
460 571 679 656 peculiarium
703 573 855 640 locorum
876 574 1048 641 ministros
1068 576 1104 640 in
1125 575 1236 643 cilicio

142 677 365 756 continerenl3
396 680 467 738 tum
489 674 589 737 enam
612 681 651 738 ut
671 673 902 758 frequentibus
923 677 1187 754 lustrationibus,
1201 684 1236 744 et

142 799 249 843 coram
272 795 333 862 per
352 795 390 840 se
404 775 620 859 inspicientes
644 795 707 854 res,
727 777 806 844 lites
819 777 941 842 melius
957 779 1145 863 dijudicare
1158 799 1236 864 pos·

142 885 223 959 sent,
238 886 273 944 et
290 875 474 962 Rempubl.
490 878 611 942 rectius
628 877 870 945 administrare.

36 979 37 982 ’
181 980 320 1046 lldilitiae
345 999 483 1064 quoque
506 997 645 1064 operam
668 979 787 1056 dedit,⁹
818 981 879 1045 sed
901 982 944 1046 ab
966 982 1056 1046 omni
1071 1001 1235 1048 armornm

141 1103 178 1150 ac
191 1089 382 1149 castrorum
396 1081 537 1164 strepitu
552 1081 689 1163 ulienae;
712 1083 837 1166 quique
857 1103 955 1147 secus
971 1084 1101 1167 opinati
1118 1090 1235 1164 sunt,¹⁰

140 1185 347 1250 veliementer
372 1183 625 1249 hallucinantur.
670 1183 751 1248 Non
777 1185 861 1249 enim
885 1185 928 1250 de
949 1185 1071 1249 militia
1096 1194 1234 1264 armata,

141 1286 200 1351 sed
213 1286 256 1352 de
272 1293 404 1368 togata,
418 1305 474 1350 sau
498 1284 667 1364 Palatina,
691 1285 897 1351 Prudentius
919 1294 972 1351 est
986 1286 1233 1369 intelligendus,

139 1389 178 1454 de
193 1409 262 1473 qua
277 1388 377 1454 adest
392 1389 442 1452 tit.
463 1388 496 1451 in
521 1387 604 1452 Cod.
619 1388 816 1454 Theodos.¹¹
838 1407 958 1472 nempe
980 1389 1022 1454 de
1046 1391 1235 1472 Privilegiis

140 1511 247 1557 eorum
264 1491 325 1576 qui
342 1509 439 1555 sacro
454 1490 590 1555 Palatio
604 1491 760 1568 militant,
776 1490 963 1574 cujusmodi
977 1498 1069 1556 erant
1087 1491 1234 1572 Notarii,

36 1605 37 1608 ’
140 1592 320 1670 scriniarii,
344 1591 600 1674 Largitiouales,
624 1592 759 1677 aliique.
804 1591 1002 1658 Gennadius
1024 1613 1105 1660 sane
1119 1613 1165 1659 ex
1179 1616 1233 1662 re·

139 1695 248 1760 citatis
261 1692 439 1758 Prndeutii
464 1694 577 1759 verbis
601 1695 687 1762 scite
710 1695 805 1762 aitt¹²
838 1694 1015 1777 ‘Agnosci
1037 1696 1234 1763 Palatinum

139 1796 274 1861 militem
301 1794 433 1860 fuisse.¹
477 1795 545 1861 Sed
567 1816 666 1880 quem
688 1797 737 1863 illi
763 1798 796 1862 in
824 1795 959 1862 Palatio
988 1799 1125 1879 gradum
1148 1817 1234 1865 nova

138 1898 208 1962 baec
231 1899 384 1981 dignitas
410 1899 578 1975 tribueret,
603 1899 745 1966 divinari
770 1918 838 1966 non
861 1907 985 1983 potest.
1032 1900 1157 1970 Proeter
1171 1901 1233 1966 Al·
1279 1959 1283 1962 ,

139 1999 226 2078 dam,
242 2000 436 2078 Baronium,
460 1997 633 2078 vassum,
659 2000 856 2079 Giselinom,
883 2000 1049 2084 aliosque,
1071 2002 1233 2066 recentio-

138 2120 206 2166 rum
231 2121 369 2187 quoque
389 2121 456 2168 non
477 2103 579 2189 pauci
615 2109 673 2168 aut
698 2102 937 2168 Praeiecmrum
959 2104 1236 2182 urbanam,¹³.aut

139 2203 305 2282 Pretorii,
319 2204 374 2268 vel
393 2205 503 2288 ipsum
520 2203 622 2269 etiam
637 2203 859 2269 Consulatum
870 2211 897 2252 ¹⁴
919 2204 1067 2286 gessisse
1089 2205 1231 2271 Potitum

138 2315 286 2370 nostrum
301 2304 408 2369 literis
433 2304 619 2388 prodidere.
662 2303 712 2370 At
729 2323 792 2369 eos
813 2304 941 2383 fefellit,
965 2313 1023 2370 aut
1043 2306 1128 2371 illud
1155 2312 1233 2372 ‘or-

138 2407 210 2473 dine
232 2404 413 2493 proximo:
428 2407 462 2471 in
488 2426 586 2491 quem
611 2414 795 2473 assrrmtum
811 2427 850 2472 se
865 2405 1005 2473 affirmat
1028 2427 1050 2474 a
1065 2407 1232 2495 Principe,

137 2510 329 2577 Theodosio
347 2510 497 2587 Seniore,
511 2516 550 2575 ut
564 2508 684 2593 putc,¹'
700 2513 758 2574 aut
772 2514 852 2574 notu
866 2506 912 2575 V.
928 2507 967 2573 C.
982 2508 1156 2578 Prudentii
1171 2530 1232 2577 no-

137 2612 215 2677 mini
230 2613 265 2677 in
282 2613 368 2679 Mas.
382 2612 450 2677 sere
464 2630 597 2695 semper
611 2610 725 2689 affixa,
739 2630 841 2695 quam
866 2608 987 2675 Virum
1010 2606 1232 2678 Consularem

136 2712 246 2777 efferre
274 2707 449 2799 perperam
476 2715 541 2779 sibi
563 2712 598 2776 in
619 2714 767 2778 animum
787 2710 1006 2791 induxerunt3
1029 2731 1104 2776 cum
1119 2718 1232 2781 vetera

136 2822 351 2883 monumenta
364 2835 425 2882 nos
448 2816 601 2893 doceant,
622 2834 686 2879 non
708 2813 829 2881 Virum
851 2812 1081 2892 Consularem,
1095 2814 1156 2879 sed
1171 2813 1232 2880 Vi·

135 2936 206 2982 rum
226 2918 458 2984 Clarissimum
480 2937 523 2983 ea
542 2918 628 3002 sigla
653 2916 843 3001 significari.
888 2916 1118 3001 Praeterquam
1137 2918 1230 3002 quod

134 3020 225 3102 apud
246 3020 433 3102 Romanos,
447 3020 526 3085 ntis
540 3021 598 3105 qui
620 3017 747 3085 Consul
767 3019 886 3098 iuerat,
900 3018 1141 3102 designaretur,
1162 3037 1229 3083 non

135 3118 198 3186 Vir
220 3122 428 3202 Consularis,
441 3122 505 3191 ,sed
519 3120 713 3190 Consularis
728 3126 870 3200 tantum,
884 3124 943 3188 aut
966 3118 1079 3205 potius
1094 3118 1229 3185 Excon·

137 3222 189 3288 sul
203 3223 392 3291 dicebatur.

162 3392 266 3447 clarc.
281 3400 311 3446 ut
326 3408 384 3459 sup.
400 3410 438 3445 rs.
458 3398 497 3443 19.
529 3390 661 3443 ‘'iluudem
734 3396 766 3442 li
783 3392 869 3455 Eques
892 3392 1024 3444 Francisc.
1050 3393 1181 3445 Victorius
1202 3395 1229 3445 in

133 3468 232 3519 militie
244 3470 325 3534 gradu
335 3472 462 3521 Erucium
472 3469 556 3535 pietas
566 3468 660 3533 princi·
701 3468 804 3532 Explic.
815 3466 920 3517 Nummi
931 3469 984 3519 AEr.
995 3468 1091 3520 Christ.
1104 3484 1130 3532 p.
1138 3474 1180 3521 62.

135 3544 175 3607 pir
196 3546 295 3597 extulit
305 3546 456 3598 Arsumtum
476 3547 580 3612 propius
590 3553 661 3595 stare
733 3548 763 3593 15
781 3544 833 3595 Qui
849 3542 993 3594 Honoriurn
1012 3558 1029 3593 a
1046 3544 1131 3593 Poiita
1145 3543 1230 3608 desig·

131 3620 226 3682 jubens
238 3622 328 3673 ordine
339 3624 474 3687 proximo.¹
699 3620 757 3671 nari
773 3628 956 3682 oenacensem
971 3620 1047 3669 ulmis
1063 3619 1178 3684 ejrrrdsru
1194 3620 1229 3672 ad

164 3699 195 3745 lu
213 3697 314 3747 &reus
323 3699 363 3749 De
374 3698 471 3763 script.
479 3698 550 3749 Ecel.
561 3712 621 3749 rac.
632 3711 658 3749 u.
700 3698 784 3747 sulam
796 3696 966 3761 Imperatoris
974 3710 1106 3747 aetenum
1117 3705 1228 3761 ponunt,

134 3786 159 3834 p.
171 3776 241 3830 m,
260 3774 354 3825 cleric.
373 3775 400 3824 in
420 3775 553 3839 sibama,
570 3774 659 3825 Belius
700 3780 761 3837 pust
774 3787 868 3823 sanum
879 3771 1069 3823 videlicetwe.
1079 3785 1131 3835 quo
1146 3772 1229 3823 'ibeo-

137 3847 436 3903 Diction.Crit.tedlt.
695 3848 852 3911 dosiimors
872 3847 990 3911 contigit·
1021 3848 1086 3896 Can
1099 3848 1179 3913 enlm,
1197 3856 1229 3900 ut

163 3928 194 3975 11
207 3926 297 3975 libii.
309 3926 350 3977 tit.
361 3930 403 3978 tt.
697 3922 1227 3990 willemundus,Murenam-laqueem-

141 4004 196 4050 ,12
214 4000 320 4052 Utinir.
332 4002 395 4053 Not.
694 3997 1227 4065 jiciuul,jmnabnuebaduociusym·

165 4079 196 4125 lt
214 4076 309 4128 Cleric.
332 4084 361 4127 ut
382 4091 450 4142 cup„
468 4076 609 4128 iloinmru.
630 4077 658 4128 lu
697 4075 780 4125 mach.
800 4075 880 4125 libros
898 4073 1021 4139 ediderit,
1040 4090 1144 4141 euque,
1164 4076 1226 4128 dun

137 4152 320 4220 lex-,Cursus
339 4154 381 4203 De
398 4152 494 4218 script.
510 4154 583 4204 Eccl.
596 4167 658 4205 rte.
698 4151 747 4203 sibl
774 4156 891 4214 vacam,
909 4151 1091 4216 composuerit,
1114 4158 1228 4217 quatuor

135 4240 171 4297 v,
180 4228 279 4281 bloreri
290 4229 502 4295 lexic.,vosriur
519 4229 588 4282 flia.
599 4230 658 4283 lat·
696 4228 739 4277 rel
754 4228 950 4293 quinquennale
959 4235 1062 4280 nutum
1076 4227 1146 4291 apud
1155 4227 1225 4291 prin·

133 4317 165 4355 rr.
177 4308 216 4359 lu.
697 4304 783 4371 clpam
792 4305 938 4359 substitisse
946 4304 1084 4362 dicendum
1095 4309 1173 4357 met.
