<?xml version="1.0" encoding="UTF-8"?>
<!DOCTYPE html PUBLIC "-//W3C//DTD XHTML 1.0 Transitional//EN"
    "http://www.w3.org/TR/xhtml1/DTD/xhtml1-transitional.dtd">
<html xmlns="http://www.w3.org/1999/xhtml" xml:lang="en" lang="en">
 <head>
  <title>
</title>
<meta http-equiv="Content-Type" content="text/html;charset=utf-8" />
  <meta name='ocr-system' content='tesseract 3.04.00' />
  <meta name='ocr-capabilities' content='ocr_page ocr_carea ocr_par ocr_line ocrx_word'/>
</head>
<body>
  <div class='ocr_page' id='page_1' title='image "./operaomniaexedi00prudgoog/operaomniaexedi00prudgoog_0348.png"; bbox 0 0 3034 4900; ppageno 0'>
   <div class='ocr_carea' id='block_1_1' title="bbox 276 371 1018 467">
    <p class='ocr_par' dir='ltr' id='par_1_1' title="bbox 276 371 1018 467">
     <span class='ocr_line' id='line_1_1' title="bbox 276 371 1018 467; baseline -0.008 -30"><span class='ocrx_word' id='word_1_1' title='bbox 276 371 341 437; x_wconf 77' lang='lat' dir='ltr'><strong>uto</strong></span> <span class='ocrx_word' id='word_1_2' title='bbox 623 382 783 434; x_wconf 78' lang='lat' dir='ltr'><strong>snunnu</strong></span> <span class='ocrx_word' id='word_1_3' title='bbox 808 380 1018 467; x_wconf 80' lang='lat' dir='ltr'><strong>ruunnuru</strong></span> 
     </span>
    </p>
   </div>
   <div class='ocr_carea' id='block_1_2' title="bbox 321 524 1392 1399">
    <p class='ocr_par' dir='ltr' id='par_1_2' title="bbox 321 524 1392 1399">
     <span class='ocr_line' id='line_1_2' title="bbox 367 524 1035 593; baseline 0 -2"><span class='ocrx_word' id='word_1_4' title='bbox 367 524 449 593; x_wconf 83' lang='lat' dir='ltr'><strong>Post</strong></span> <span class='ocrx_word' id='word_1_5' title='bbox 462 526 616 592; x_wconf 83' lang='lat' dir='ltr'><strong>evolutos</strong></span> <span class='ocrx_word' id='word_1_6' title='bbox 630 527 717 592; x_wconf 84' lang='lat' dir='ltr'><strong>mille</strong></span> <span class='ocrx_word' id='word_1_7' title='bbox 731 526 863 591; x_wconf 90' lang='lat' dir='ltr'><strong>demum</strong></span> <span class='ocrx_word' id='word_1_8' title='bbox 877 528 1035 591; x_wconf 85' lang='lat' dir='ltr'><strong>consules</strong></span> 
     </span>
     <span class='ocr_line' id='line_1_3' title="bbox 363 628 1082 694; baseline -0.01 0"><span class='ocrx_word' id='word_1_9' title='bbox 363 628 420 694; x_wconf 82' lang='lat' dir='ltr'><strong>Ab</strong></span> <span class='ocrx_word' id='word_1_10' title='bbox 435 629 517 693; x_wconf 88' lang='lat' dir='ltr'><strong>urbe</strong></span> <span class='ocrx_word' id='word_1_11' title='bbox 532 628 664 694; x_wconf 82' lang='lat' dir='ltr'><strong>Romu:</strong></span> <span class='ocrx_word' id='word_1_12' title='bbox 685 648 727 692; x_wconf 87' lang='lat' dir='ltr'><strong>ne</strong></span> <span class='ocrx_word' id='word_1_13' title='bbox 742 634 890 692; x_wconf 84' lang='lat' dir='ltr'><strong>retexam</strong></span> <span class='ocrx_word' id='word_1_14' title='bbox 906 628 1082 692; x_wconf 79' lang='lat' dir='ltr'><strong>Nestoras.</strong></span> 
     </span>
     <span class='ocr_line' id='line_1_4' title="bbox 367 728 1114 815; baseline -0.004 -22"><span class='ocrx_word' id='word_1_15' title='bbox 367 728 538 815; x_wconf 84' lang='lat' dir='ltr'>Quicquid</span> <span class='ocrx_word' id='word_1_16' title='bbox 551 731 720 795; x_wconf 85' lang='lat' dir='ltr'><strong>novellum</strong></span> <span class='ocrx_word' id='word_1_17' title='bbox 737 730 852 810; x_wconf 83' lang='lat' dir='ltr'><strong>surgit,</strong></span> <span class='ocrx_word' id='word_1_18' title='bbox 866 729 946 792; x_wconf 91' lang='lat' dir='ltr'><strong>olim</strong></span> <span class='ocrx_word' id='word_1_19' title='bbox 960 748 1027 791; x_wconf 91' lang='lat' dir='ltr'><strong>non</strong></span> <span class='ocrx_word' id='word_1_20' title='bbox 1039 728 1114 791; x_wconf 85' lang='lat' dir='ltr'><strong>suit.</strong></span> 
     </span>
     <span class='ocr_line' id='line_1_5' title="bbox 321 826 1392 914; baseline -0.003 -18"><span class='ocrx_word' id='word_1_21' title='bbox 321 856 327 871; x_wconf 73' lang='lat'>=</span> <span class='ocrx_word' id='word_1_22' title='bbox 364 831 430 897; x_wconf 86' lang='lat' dir='ltr'><strong>Via</strong></span> <span class='ocrx_word' id='word_1_23' title='bbox 445 851 574 896; x_wconf 82' lang='lat' dir='ltr'><strong>summa</strong></span> <span class='ocrx_word' id='word_1_24' title='bbox 588 850 696 895; x_wconf 88' lang='lat' dir='ltr'><strong>rerum</strong></span> <span class='ocrx_word' id='word_1_25' title='bbox 710 832 830 895; x_wconf 82' lang='lat' dir='ltr'><strong>nosset</strong></span> <span class='ocrx_word' id='word_1_26' title='bbox 853 830 1013 914; x_wconf 84' lang='lat' dir='ltr'><strong>Pyrrham</strong></span> <span class='ocrx_word' id='word_1_27' title='bbox 1030 828 1178 892; x_wconf 82' lang='lat' dir='ltr'><strong>consule.</strong></span> <span class='ocrx_word' id='word_1_28' title='bbox 1310 826 1392 893; x_wconf 78' lang='lat'><strong>41⁰</strong></span> 
     </span>
     <span class='ocr_line' id='line_1_6' title="bbox 406 929 1143 1007; baseline -0.004 -12"><span class='ocrx_word' id='word_1_29' title='bbox 406 930 476 995; x_wconf 88' lang='lat' dir='ltr'><strong>Ubi</strong></span> <span class='ocrx_word' id='word_1_30' title='bbox 487 933 552 995; x_wconf 83' lang='lat' dir='ltr'><strong>iste</strong></span> <span class='ocrx_word' id='word_1_31' title='bbox 564 937 676 996; x_wconf 83' lang='lat' dir='ltr'><strong>vester</strong></span> <span class='ocrx_word' id='word_1_32' title='bbox 688 937 766 995; x_wconf 90' lang='lat' dir='ltr'><strong>tuuc</strong></span> <span class='ocrx_word' id='word_1_33' title='bbox 781 938 854 995; x_wconf 83' lang='lat' dir='ltr'><strong>erat</strong></span> <span class='ocrx_word' id='word_1_34' title='bbox 868 950 1017 996; x_wconf 86' lang='lat' dir='ltr'><strong>summus</strong></span> <span class='ocrx_word' id='word_1_35' title='bbox 1034 929 1143 1007; x_wconf 86' lang='lat' dir='ltr'><strong>Deus,</strong></span> 
     </span>
     <span class='ocr_line' id='line_1_7' title="bbox 363 1032 1012 1114; baseline -0.003 -16"><span class='ocrx_word' id='word_1_36' title='bbox 363 1032 489 1098; x_wconf 88' lang='lat' dir='ltr'><strong>Divum</strong></span> <span class='ocrx_word' id='word_1_37' title='bbox 503 1033 617 1097; x_wconf 83' lang='lat' dir='ltr'><strong>farore</strong></span> <span class='ocrx_word' id='word_1_38' title='bbox 632 1052 708 1096; x_wconf 92' lang='lat' dir='ltr'><strong>cum</strong></span> <span class='ocrx_word' id='word_1_39' title='bbox 722 1052 807 1114; x_wconf 87' lang='lat' dir='ltr'><strong>puer</strong></span> <span class='ocrx_word' id='word_1_40' title='bbox 820 1032 1012 1097; x_wconf 82' lang='lat' dir='ltr'><strong>Mavortius</strong></span> 
     </span>
     <span class='ocr_line' id='line_1_8' title="bbox 363 1131 1090 1215; baseline -0.004 -18"><span class='ocrx_word' id='word_1_41' title='bbox 363 1132 535 1197; x_wconf 79' lang='lat' dir='ltr'><strong>Funderet</strong></span> <span class='ocrx_word' id='word_1_42' title='bbox 549 1152 659 1196; x_wconf 81' lang='lat' dir='ltr'><strong>arcem</strong></span> <span class='ocrx_word' id='word_1_43' title='bbox 675 1133 884 1215; x_wconf 84' lang='lat' dir='ltr'><strong>septicollem</strong></span> <span class='ocrx_word' id='word_1_44' title='bbox 900 1131 1090 1197; x_wconf 85' lang='lat' dir='ltr'><strong>Romulusl</strong></span> 
     </span>
     <span class='ocr_line' id='line_1_9' title="bbox 363 1232 1066 1316; baseline -0.001 -20"><span class='ocrx_word' id='word_1_45' title='bbox 363 1232 465 1312; x_wconf 82' lang='lat' dir='ltr'><strong>Quod</strong></span> <span class='ocrx_word' id='word_1_46' title='bbox 479 1232 591 1299; x_wconf 81' lang='lat' dir='ltr'><strong>Roma</strong></span> <span class='ocrx_word' id='word_1_47' title='bbox 605 1234 709 1316; x_wconf 89' lang='lat' dir='ltr'><strong>pollet</strong></span> <span class='ocrx_word' id='word_1_48' title='bbox 725 1234 904 1315; x_wconf 69' lang='lat' dir='ltr'><strong>auspicato</strong></span> <span class='ocrx_word' id='word_1_49' title='bbox 919 1232 1066 1309; x_wconf 84' lang='lat' dir='ltr'><strong>conditu,</strong></span> 
     </span>
     <span class='ocr_line' id='line_1_10' title="bbox 364 1330 1375 1399; baseline -0.007 0"><span class='ocrx_word' id='word_1_50' title='bbox 364 1334 388 1399; x_wconf 87' lang='lat' dir='ltr'><strong>J</strong></span> <span class='ocrx_word' id='word_1_51' title='bbox 390 1335 447 1397; x_wconf 86' lang='lat' dir='ltr'><strong>ovi</strong></span> <span class='ocrx_word' id='word_1_52' title='bbox 463 1333 590 1398; x_wconf 79' lang='lat' dir='ltr'><strong>Statori</strong></span> <span class='ocrx_word' id='word_1_53' title='bbox 604 1334 706 1398; x_wconf 83' lang='lat' dir='ltr'><strong>debet</strong></span> <span class='ocrx_word' id='word_1_54' title='bbox 719 1340 755 1397; x_wconf 86' lang='lat' dir='ltr'><strong>et</strong></span> <span class='ocrx_word' id='word_1_55' title='bbox 771 1334 849 1397; x_wconf 86' lang='lat' dir='ltr'><strong>Diis</strong></span> <span class='ocrx_word' id='word_1_56' title='bbox 864 1335 993 1397; x_wconf 79' lang='lat' dir='ltr'><strong>ceteris,</strong></span> <span class='ocrx_word' id='word_1_57' title='bbox 1307 1330 1375 1393; x_wconf 78' lang='lat'><strong>415</strong></span> 
     </span>
    </p>
   </div>
   <div class='ocr_carea' id='block_1_3' title="bbox 278 1474 1376 1734">
    <p class='ocr_par' dir='ltr' id='par_1_3' title="bbox 278 1474 1376 1734">
     <span class='ocr_line' id='line_1_11' title="bbox 279 1474 1376 1543; baseline -0.008 -12"><span class='ocrx_word' id='word_1_58' title='bbox 279 1482 335 1531; x_wconf 76' lang='lat' dir='ltr'><strong>arbe</strong></span> <span class='ocrx_word' id='word_1_59' title='bbox 344 1482 448 1541; x_wconf 84' lang='lat' dir='ltr'><strong>conditu,</strong></span> <span class='ocrx_word' id='word_1_60' title='bbox 464 1485 490 1529; x_wconf 78' lang='lat' dir='ltr'><strong>et</strong></span> <span class='ocrx_word' id='word_1_61' title='bbox 503 1480 613 1530; x_wconf 81' lang='lat' dir='ltr'><strong>Nestoris</strong></span> <span class='ocrx_word' id='word_1_62' title='bbox 623 1486 725 1542; x_wconf 84' lang='lat' dir='ltr'><strong>ternpore</strong></span> <span class='ocrx_word' id='word_1_63' title='bbox 735 1479 831 1528; x_wconf 79' lang='lat' dir='ltr'><strong>silentio</strong></span> <span class='ocrx_word' id='word_1_64' title='bbox 838 1484 985 1543; x_wconf 72' lang='lat' dir='ltr'><strong>protererent,</strong></span> <span class='ocrx_word' id='word_1_65' title='bbox 995 1474 1060 1528; x_wconf 84' lang='lat' dir='ltr'><strong>mille</strong></span> <span class='ocrx_word' id='word_1_66' title='bbox 1069 1478 1126 1527; x_wconf 80' lang='lat' dir='ltr'><strong>ueni</strong></span> <span class='ocrx_word' id='word_1_67' title='bbox 1136 1476 1208 1539; x_wconf 77' lang='lat' dir='ltr'><strong>clupei</strong></span> <span class='ocrx_word' id='word_1_68' title='bbox 1217 1480 1281 1535; x_wconf 80' lang='lat' dir='ltr'><strong>rest,</strong></span> <span class='ocrx_word' id='word_1_69' title='bbox 1290 1476 1376 1539; x_wconf 69' lang='lat' dir='ltr'><strong>ceilae</strong></span> 
     </span>
     <span class='ocr_line' id='line_1_12' title="bbox 282 1540 1375 1608; baseline -0.005 -15"><span class='ocrx_word' id='word_1_70' title='bbox 282 1546 421 1595; x_wconf 72' lang='lat' dir='ltr'><strong>Christiano</strong></span> <span class='ocrx_word' id='word_1_71' title='bbox 430 1545 524 1605; x_wconf 78' lang='lat' dir='ltr'><strong>religio,</strong></span> <span class='ocrx_word' id='word_1_72' title='bbox 541 1559 593 1608; x_wconf 77' lang='lat' dir='ltr'><strong>pere</strong></span> <span class='ocrx_word' id='word_1_73' title='bbox 603 1559 664 1592; x_wconf 81' lang='lat' dir='ltr'><strong>uuae</strong></span> <span class='ocrx_word' id='word_1_74' title='bbox 673 1545 788 1605; x_wconf 71' lang='lat' dir='ltr'><strong>metim,</strong></span> <span class='ocrx_word' id='word_1_75' title='bbox 799 1544 863 1592; x_wconf 80' lang='lat' dir='ltr'><strong>ealle</strong></span> <span class='ocrx_word' id='word_1_76' title='bbox 873 1545 936 1602; x_wconf 85' lang='lat' dir='ltr'><strong>suit.</strong></span> <span class='ocrx_word' id='word_1_77' title='bbox 969 1544 1032 1592; x_wconf 84' lang='lat' dir='ltr'><strong>Hoee</strong></span> <span class='ocrx_word' id='word_1_78' title='bbox 1040 1558 1100 1592; x_wconf 80' lang='lat' dir='ltr'><strong>enen</strong></span> <span class='ocrx_word' id='word_1_79' title='bbox 1109 1544 1219 1603; x_wconf 66' lang='lat' dir='ltr'><strong>domo</strong></span> <span class='ocrx_word' id='word_1_80' title='bbox 1230 1540 1308 1589; x_wconf 70' lang='lat' dir='ltr'><strong>nudes</strong></span> <span class='ocrx_word' id='word_1_81' title='bbox 1316 1540 1375 1587; x_wconf 86' lang='lat' dir='ltr'><strong>olirrr</strong></span> 
     </span>
     <span class='ocr_line' id='line_1_13' title="bbox 278 1604 1373 1671; baseline -0.005 -14"><span class='ocrx_word' id='word_1_82' title='bbox 278 1608 353 1658; x_wconf 70' lang='lat' dir='ltr'><strong>coeit·</strong></span> <span class='ocrx_word' id='word_1_83' title='bbox 389 1609 457 1657; x_wconf 83' lang='lat' dir='ltr'><strong>Vime</strong></span> <span class='ocrx_word' id='word_1_84' title='bbox 466 1609 554 1669; x_wconf 70' lang='lat' dir='ltr'><strong>igitur,</strong></span> <span class='ocrx_word' id='word_1_85' title='bbox 564 1624 577 1656; x_wconf 87' lang='lat' dir='ltr'><strong>o</strong></span> <span class='ocrx_word' id='word_1_86' title='bbox 590 1609 703 1668; x_wconf 75' lang='lat' dir='ltr'><strong>umam,</strong></span> <span class='ocrx_word' id='word_1_87' title='bbox 713 1624 729 1656; x_wconf 86' lang='lat' dir='ltr'><strong>o</strong></span> <span class='ocrx_word' id='word_1_88' title='bbox 739 1623 784 1671; x_wconf 81' lang='lat' dir='ltr'><strong>quo</strong></span> <span class='ocrx_word' id='word_1_89' title='bbox 794 1610 864 1655; x_wconf 83' lang='lat' dir='ltr'><strong>ducos</strong></span> <span class='ocrx_word' id='word_1_90' title='bbox 873 1608 989 1668; x_wconf 73' lang='lat' dir='ltr'><strong>originem</strong></span> <span class='ocrx_word' id='word_1_91' title='bbox 999 1604 1119 1657; x_wconf 74' lang='lat' dir='ltr'><strong>edisceret</strong></span> <span class='ocrx_word' id='word_1_92' title='bbox 1143 1606 1263 1669; x_wconf 71' lang='lat' dir='ltr'><strong>Pyrrhum</strong></span> <span class='ocrx_word' id='word_1_93' title='bbox 1273 1604 1373 1651; x_wconf 75' lang='lat' dir='ltr'><strong>macele.</strong></span> 
     </span>
     <span class='ocr_line' id='line_1_14' title="bbox 279 1662 1376 1734; baseline -0.005 -14"><span class='ocrx_word' id='word_1_94' title='bbox 279 1672 331 1721; x_wconf 83' lang='lat' dir='ltr'><strong>Die</strong></span> <span class='ocrx_word' id='word_1_95' title='bbox 345 1672 413 1732; x_wconf 77' lang='lat' dir='ltr'><strong>mibi,</strong></span> <span class='ocrx_word' id='word_1_96' title='bbox 423 1672 504 1720; x_wconf 70' lang='lat' dir='ltr'><strong>nimbo</strong></span> <span class='ocrx_word' id='word_1_97' title='bbox 522 1678 554 1732; x_wconf 89' lang='lat' dir='ltr'><strong>te,</strong></span> <span class='ocrx_word' id='word_1_98' title='bbox 564 1671 605 1719; x_wconf 82' lang='lat' dir='ltr'><strong>ubi</strong></span> <span class='ocrx_word' id='word_1_99' title='bbox 621 1676 673 1719; x_wconf 85' lang='lat' dir='ltr'><strong>erut</strong></span> <span class='ocrx_word' id='word_1_100' title='bbox 684 1677 739 1720; x_wconf 73' lang='lat' dir='ltr'><strong>tene</strong></span> <span class='ocrx_word' id='word_1_101' title='bbox 749 1677 851 1719; x_wconf 77' lang='lat' dir='ltr'><strong>eternus</strong></span> <span class='ocrx_word' id='word_1_102' title='bbox 862 1662 937 1731; x_wconf 82' lang='lat' dir='ltr'><strong>Deus,</strong></span> <span class='ocrx_word' id='word_1_103' title='bbox 947 1686 999 1720; x_wconf 86' lang='lat' dir='ltr'><strong>erou</strong></span> <span class='ocrx_word' id='word_1_104' title='bbox 1012 1670 1123 1719; x_wconf 57' lang='lat' dir='ltr'><strong>&amp;metm</strong></span> <span class='ocrx_word' id='word_1_105' title='bbox 1134 1668 1224 1718; x_wconf 77' lang='lat' dir='ltr'><strong>Mortis</strong></span> <span class='ocrx_word' id='word_1_106' title='bbox 1233 1668 1304 1734; x_wconf 71' lang='lat' dir='ltr'><strong>filios</strong></span> <span class='ocrx_word' id='word_1_107' title='bbox 1315 1666 1376 1715; x_wconf 72' lang='lat' dir='ltr'><strong>uuo</strong></span> 
     </span>
    </p>
   </div>
   <div class='ocr_carea' id='block_1_4' title="bbox 273 1730 1373 1862">
    <p class='ocr_par' dir='ltr' id='par_1_4' title="bbox 273 1730 1373 1862">
     <span class='ocr_line' id='line_1_15' title="bbox 273 1730 1373 1798; baseline -0.006 -14"><span class='ocrx_word' id='word_1_108' title='bbox 273 1736 412 1794; x_wconf 81' lang='lat' dir='ltr'><strong>secestitar</strong></span> <span class='ocrx_word' id='word_1_109' title='bbox 424 1737 531 1794; x_wconf 80' lang='lat' dir='ltr'><strong>Romam,</strong></span> <span class='ocrx_word' id='word_1_110' title='bbox 539 1750 593 1798; x_wconf 76' lang='lat' dir='ltr'><strong>oea</strong></span> <span class='ocrx_word' id='word_1_111' title='bbox 602 1741 690 1797; x_wconf 73' lang='lat' dir='ltr'><strong>reptem</strong></span> <span class='ocrx_word' id='word_1_112' title='bbox 700 1736 771 1783; x_wconf 82' lang='lat' dir='ltr'><strong>eolles</strong></span> <span class='ocrx_word' id='word_1_113' title='bbox 781 1735 952 1797; x_wconf 71' lang='lat' dir='ltr'><strong>complectitur,</strong></span> <span class='ocrx_word' id='word_1_114' title='bbox 964 1736 1084 1785; x_wconf 79' lang='lat' dir='ltr'><strong>madebat.</strong></span> <span class='ocrx_word' id='word_1_115' title='bbox 1112 1734 1179 1790; x_wconf 80' lang='lat' dir='ltr'><strong>Quod</strong></span> <span class='ocrx_word' id='word_1_116' title='bbox 1189 1732 1264 1781; x_wconf 81' lang='lat' dir='ltr'><strong>cirtrr</strong></span> <span class='ocrx_word' id='word_1_117' title='bbox 1272 1730 1373 1793; x_wconf 75' lang='lat' dir='ltr'><strong>eugerio</strong></span> 
     </span>
     <span class='ocr_line' id='line_1_16' title="bbox 279 1793 1372 1862; baseline -0.006 -13"><span class='ocrx_word' id='word_1_118' title='bbox 279 1799 359 1849; x_wconf 77' lang='lat' dir='ltr'><strong>arbem</strong></span> <span class='ocrx_word' id='word_1_119' title='bbox 370 1800 480 1848; x_wconf 74' lang='lat' dir='ltr'><strong>excttmit</strong></span> <span class='ocrx_word' id='word_1_120' title='bbox 493 1795 615 1861; x_wconf 74' lang='lat' dir='ltr'><strong>Romulae,</strong></span> <span class='ocrx_word' id='word_1_121' title='bbox 625 1798 651 1847; x_wconf 83' lang='lat' dir='ltr'><strong>id</strong></span> <span class='ocrx_word' id='word_1_122' title='bbox 660 1814 675 1846; x_wconf 87' lang='lat' dir='ltr'><strong>n</strong></span> <span class='ocrx_word' id='word_1_123' title='bbox 685 1798 746 1847; x_wconf 77' lang='lat' dir='ltr'><strong>Jove</strong></span> <span class='ocrx_word' id='word_1_124' title='bbox 757 1796 854 1849; x_wconf 79' lang='lat' dir='ltr'><strong>Stetere</strong></span> <span class='ocrx_word' id='word_1_125' title='bbox 863 1794 961 1862; x_wconf 73' lang='lat' dir='ltr'><strong>ollisque</strong></span> <span class='ocrx_word' id='word_1_126' title='bbox 972 1793 1030 1848; x_wconf 75' lang='lat' dir='ltr'><strong>oro</strong></span> <span class='ocrx_word' id='word_1_127' title='bbox 1040 1798 1137 1861; x_wconf 82' lang='lat' dir='ltr'><strong>occepit.</strong></span> <span class='ocrx_word' id='word_1_128' title='bbox 1169 1796 1201 1845; x_wconf 86' lang='lat' dir='ltr'><strong>ld</strong></span> <span class='ocrx_word' id='word_1_129' title='bbox 1211 1797 1241 1845; x_wconf 79' lang='lat' dir='ltr'><strong>ab</strong></span> <span class='ocrx_word' id='word_1_130' title='bbox 1252 1795 1315 1861; x_wconf 70' lang='lat' dir='ltr'><strong>ornei</strong></span> <span class='ocrx_word' id='word_1_131' title='bbox 1324 1808 1372 1842; x_wconf 83' lang='lat' dir='ltr'><strong>oero</strong></span> 
     </span>
    </p>
   </div>
   <div class='ocr_carea' id='block_1_5' title="bbox 772 1924 881 1975">
    <p class='ocr_par' dir='ltr' id='par_1_5' title="bbox 772 1924 881 1975">
     <span class='ocr_line' id='line_1_17' title="bbox 772 1924 881 1975; baseline 0 0"><span class='ocrx_word' id='word_1_132' title='bbox 772 1924 881 1975; x_wconf 79' lang='lat' dir='ltr'>NOTAE</span> 
     </span>
    </p>
   </div>
   <div class='ocr_carea' id='block_1_6' title="bbox 277 2019 1376 4284">
    <p class='ocr_par' dir='ltr' id='par_1_6' title="bbox 279 2019 1376 2919">
     <span class='ocr_line' id='line_1_18' title="bbox 312 2019 1372 2089; baseline -0.006 -15"><span class='ocrx_word' id='word_1_133' title='bbox 312 2028 360 2074; x_wconf 79' lang='grc'><strong>407</strong></span> <span class='ocrx_word' id='word_1_134' title='bbox 372 2024 441 2074; x_wconf 84' lang='lat' dir='ltr'><strong>Mille</strong></span> <span class='ocrx_word' id='word_1_135' title='bbox 452 2022 568 2089; x_wconf 73' lang='lat' dir='ltr'><strong>consuler]</strong></span> <span class='ocrx_word' id='word_1_136' title='bbox 588 2027 648 2076; x_wconf 86' lang='lat' dir='ltr'><strong>Nou</strong></span> <span class='ocrx_word' id='word_1_137' title='bbox 661 2024 729 2088; x_wconf 84' lang='lat' dir='ltr'><strong>quod</strong></span> <span class='ocrx_word' id='word_1_138' title='bbox 742 2038 807 2073; x_wconf 82' lang='lat' dir='ltr'><strong>aem·</strong></span> <span class='ocrx_word' id='word_1_139' title='bbox 881 2028 929 2073; x_wconf 78' lang='lat' dir='ltr'><strong>llo</strong></span> <span class='ocrx_word' id='word_1_140' title='bbox 945 2022 1078 2088; x_wconf 69' lang='lat' dir='ltr'><strong>Pyrrhum]</strong></span> <span class='ocrx_word' id='word_1_141' title='bbox 1089 2022 1161 2072; x_wconf 86' lang='lat' dir='ltr'><strong>Nota</strong></span> <span class='ocrx_word' id='word_1_142' title='bbox 1171 2026 1209 2069; x_wconf 90' lang='lat' dir='ltr'><strong>est</strong></span> <span class='ocrx_word' id='word_1_143' title='bbox 1220 2021 1275 2070; x_wconf 73' lang='lat' dir='ltr'><strong>baee</strong></span> <span class='ocrx_word' id='word_1_144' title='bbox 1286 2019 1372 2069; x_wconf 81' lang='lat' dir='ltr'><strong>tabula</strong></span> 
     </span>
     <span class='ocr_line' id='line_1_19' title="bbox 281 2096 1373 2164; baseline -0.005 -16"><span class='ocrx_word' id='word_1_145' title='bbox 281 2114 328 2163; x_wconf 88' lang='lat' dir='ltr'><strong>per</strong></span> <span class='ocrx_word' id='word_1_146' title='bbox 341 2101 514 2150; x_wconf 83' lang='lat' dir='ltr'><strong>acouanlibus</strong></span> <span class='ocrx_word' id='word_1_147' title='bbox 523 2100 666 2164; x_wconf 86' lang='lat' dir='ltr'><strong>respublica</strong></span> <span class='ocrx_word' id='word_1_148' title='bbox 676 2099 755 2150; x_wconf 80' lang='lat' dir='ltr'><strong>tuerit</strong></span> <span class='ocrx_word' id='word_1_149' title='bbox 764 2099 808 2149; x_wconf 85' lang='lat' dir='ltr'><strong>ad·</strong></span> <span class='ocrx_word' id='word_1_150' title='bbox 848 2113 881 2149; x_wconf 83' lang='lat' dir='ltr'><strong>ex</strong></span> <span class='ocrx_word' id='word_1_151' title='bbox 903 2098 1006 2149; x_wconf 80' lang='lat' dir='ltr'><strong>Ouidio.</strong></span> <span class='ocrx_word' id='word_1_152' title='bbox 1039 2098 1138 2148; x_wconf 86' lang='lat' dir='ltr'><strong>Narrat</strong></span> <span class='ocrx_word' id='word_1_153' title='bbox 1158 2096 1238 2159; x_wconf 75' lang='lat' dir='ltr'><strong>igitur</strong></span> <span class='ocrx_word' id='word_1_154' title='bbox 1258 2109 1373 2145; x_wconf 83' lang='lat' dir='ltr'><strong>consum·</strong></span> 
     </span>
     <span class='ocr_line' id='line_1_20' title="bbox 280 2171 1373 2239; baseline -0.005 -16"><span class='ocrx_word' id='word_1_155' title='bbox 280 2174 437 2237; x_wconf 86' lang='lat' dir='ltr'><strong>ministrata,</strong></span> <span class='ocrx_word' id='word_1_156' title='bbox 454 2176 573 2239; x_wconf 78' lang='lat' dir='ltr'><strong>qnoniam</strong></span> <span class='ocrx_word' id='word_1_157' title='bbox 593 2191 627 2226; x_wconf 85' lang='lat' dir='ltr'><strong>ex</strong></span> <span class='ocrx_word' id='word_1_158' title='bbox 643 2177 807 2239; x_wconf 73' lang='lat' dir='ltr'><strong>mitteantur,</strong></span> <span class='ocrx_word' id='word_1_159' title='bbox 848 2176 881 2224; x_wconf 88' lang='lat' dir='ltr'><strong>tir</strong></span> <span class='ocrx_word' id='word_1_160' title='bbox 901 2175 998 2224; x_wconf 85' lang='lat' dir='ltr'><strong>diluvio</strong></span> <span class='ocrx_word' id='word_1_161' title='bbox 1017 2175 1120 2224; x_wconf 84' lang='lat' dir='ltr'><strong>cunctis</strong></span> <span class='ocrx_word' id='word_1_162' title='bbox 1141 2171 1292 2221; x_wconf 72' lang='lat' dir='ltr'><strong>mortalibus</strong></span> <span class='ocrx_word' id='word_1_163' title='bbox 1310 2171 1373 2235; x_wconf 72' lang='lat' dir='ltr'><strong>Pyr·</strong></span> 
     </span>
     <span class='ocr_line' id='line_1_21' title="bbox 279 2248 1373 2314; baseline -0.004 -16"><span class='ocrx_word' id='word_1_164' title='bbox 279 2250 325 2313; x_wconf 88' lang='lat' dir='ltr'><strong>qul</strong></span> <span class='ocrx_word' id='word_1_165' title='bbox 336 2250 414 2314; x_wconf 82' lang='lat' dir='ltr'><strong>elapsi</strong></span> <span class='ocrx_word' id='word_1_166' title='bbox 426 2259 506 2300; x_wconf 87' lang='lat' dir='ltr'><strong>sunta</strong></span> <span class='ocrx_word' id='word_1_167' title='bbox 516 2252 690 2301; x_wconf 89' lang='lat' dir='ltr'><strong>conditanrbe</strong></span> <span class='ocrx_word' id='word_1_168' title='bbox 699 2251 732 2301; x_wconf 86' lang='lat' dir='ltr'><strong>ad</strong></span> <span class='ocrx_word' id='word_1_169' title='bbox 742 2259 806 2301; x_wconf 89' lang='lat' dir='ltr'><strong>tem·</strong></span> <span class='ocrx_word' id='word_1_170' title='bbox 848 2251 919 2300; x_wconf 85' lang='lat' dir='ltr'><strong>rbem</strong></span> <span class='ocrx_word' id='word_1_171' title='bbox 946 2250 1090 2314; x_wconf 80' lang='lat' dir='ltr'><strong>Epimetbei</strong></span> <span class='ocrx_word' id='word_1_172' title='bbox 1107 2248 1198 2310; x_wconf 77' lang='lat' dir='ltr'><strong>filiam,</strong></span> <span class='ocrx_word' id='word_1_173' title='bbox 1217 2260 1373 2310; x_wconf 80' lang='lat' dir='ltr'><strong>uxoremque</strong></span> 
     </span>
     <span class='ocr_line' id='line_1_22' title="bbox 279 2324 1373 2389; baseline -0.002 -16"><span class='ocrx_word' id='word_1_174' title='bbox 279 2339 343 2389; x_wconf 93' lang='lat' dir='ltr'><strong>pora</strong></span> <span class='ocrx_word' id='word_1_175' title='bbox 354 2325 461 2373; x_wconf 84' lang='lat' dir='ltr'><strong>Romani</strong></span> <span class='ocrx_word' id='word_1_176' title='bbox 473 2327 602 2389; x_wconf 80' lang='lat' dir='ltr'><strong>martyris,</strong></span> <span class='ocrx_word' id='word_1_177' title='bbox 613 2327 694 2375; x_wconf 85' lang='lat' dir='ltr'><strong>Roma</strong></span> <span class='ocrx_word' id='word_1_178' title='bbox 705 2328 754 2375; x_wconf 83' lang='lat' dir='ltr'><strong>snb</strong></span> <span class='ocrx_word' id='word_1_179' title='bbox 765 2340 805 2374; x_wconf 88' lang='lat' dir='ltr'><strong>re·</strong></span> <span class='ocrx_word' id='word_1_180' title='bbox 847 2326 1022 2389; x_wconf 86' lang='lat' dir='ltr'><strong>Deucalionis,</strong></span> <span class='ocrx_word' id='word_1_181' title='bbox 1031 2333 1059 2376; x_wconf 88' lang='lat' dir='ltr'><strong>et</strong></span> <span class='ocrx_word' id='word_1_182' title='bbox 1067 2324 1252 2375; x_wconf 78' lang='lat' dir='ltr'><strong>Deucalionem</strong></span> <span class='ocrx_word' id='word_1_183' title='bbox 1266 2324 1373 2372; x_wconf 84' lang='lat' dir='ltr'><strong>Prome·</strong></span> 
     </span>
     <span class='ocr_line' id='line_1_23' title="bbox 281 2398 1373 2466; baseline 0 -19"><span class='ocrx_word' id='word_1_184' title='bbox 281 2399 357 2463; x_wconf 76' lang='lat' dir='ltr'><strong>gibus</strong></span> <span class='ocrx_word' id='word_1_185' title='bbox 367 2398 417 2448; x_wconf 85' lang='lat' dir='ltr'><strong>fuit</strong></span> <span class='ocrx_word' id='word_1_186' title='bbox 428 2413 474 2463; x_wconf 91' lang='lat' dir='ltr'><strong>per</strong></span> <span class='ocrx_word' id='word_1_187' title='bbox 484 2399 610 2449; x_wconf 86' lang='lat' dir='ltr'><strong>ducentos</strong></span> <span class='ocrx_word' id='word_1_188' title='bbox 620 2401 807 2465; x_wconf 74' lang='lat' dir='ltr'><strong>quinquagints</strong></span> <span class='ocrx_word' id='word_1_189' title='bbox 847 2404 900 2452; x_wconf 88' lang='lat' dir='ltr'><strong>tbei</strong></span> <span class='ocrx_word' id='word_1_190' title='bbox 920 2404 1000 2452; x_wconf 79' lang='lat' dir='ltr'><strong>filium</strong></span> <span class='ocrx_word' id='word_1_191' title='bbox 1017 2404 1050 2453; x_wconf 91' lang='lat' dir='ltr'><strong>ob</strong></span> <span class='ocrx_word' id='word_1_192' title='bbox 1068 2403 1193 2466; x_wconf 84' lang='lat' dir='ltr'><strong>pietatem</strong></span> <span class='ocrx_word' id='word_1_193' title='bbox 1210 2401 1236 2449; x_wconf 91' lang='lat' dir='ltr'><strong>in</strong></span> <span class='ocrx_word' id='word_1_194' title='bbox 1255 2400 1326 2449; x_wconf 88' lang='lat' dir='ltr'><strong>Deoa</strong></span> <span class='ocrx_word' id='word_1_195' title='bbox 1340 2412 1373 2447; x_wconf 83' lang='lat' dir='ltr'><strong>ex</strong></span> 
     </span>
     <span class='ocr_line' id='line_1_24' title="bbox 281 2474 1374 2540; baseline 0 -18"><span class='ocrx_word' id='word_1_196' title='bbox 281 2489 375 2534; x_wconf 86' lang='lat' dir='ltr'><strong>auuoa;</strong></span> <span class='ocrx_word' id='word_1_197' title='bbox 391 2474 447 2535; x_wconf 86' lang='lat' dir='ltr'><strong>red,</strong></span> <span class='ocrx_word' id='word_1_198' title='bbox 466 2475 534 2537; x_wconf 85' lang='lat' dir='ltr'><strong>quod</strong></span> <span class='ocrx_word' id='word_1_199' title='bbox 546 2484 637 2538; x_wconf 84' lang='lat' dir='ltr'><strong>postea</strong></span> <span class='ocrx_word' id='word_1_200' title='bbox 648 2475 708 2524; x_wconf 88' lang='lat' dir='ltr'><strong>anni</strong></span> <span class='ocrx_word' id='word_1_201' title='bbox 719 2489 735 2523; x_wconf 89' lang='lat' dir='ltr'><strong>a</strong></span> <span class='ocrx_word' id='word_1_202' title='bbox 745 2488 806 2523; x_wconf 88' lang='lat' dir='ltr'><strong>eon·</strong></span> <span class='ocrx_word' id='word_1_203' title='bbox 847 2479 916 2526; x_wconf 87' lang='lat' dir='ltr'><strong>omui</strong></span> <span class='ocrx_word' id='word_1_204' title='bbox 930 2478 1039 2527; x_wconf 81' lang='lat' dir='ltr'><strong>humano</strong></span> <span class='ocrx_word' id='word_1_205' title='bbox 1050 2491 1146 2540; x_wconf 73' lang='lat' dir='ltr'><strong>genere</strong></span> <span class='ocrx_word' id='word_1_206' title='bbox 1155 2474 1321 2540; x_wconf 70' lang='lat' dir='ltr'><strong>repertorium,</strong></span> <span class='ocrx_word' id='word_1_207' title='bbox 1330 2474 1374 2538; x_wconf 85' lang='lat' dir='ltr'><strong>qui</strong></span> 
     </span>
     <span class='ocr_line' id='line_1_25' title="bbox 280 2550 1376 2613; baseline -0.002 -13"><span class='ocrx_word' id='word_1_208' title='bbox 280 2550 377 2600; x_wconf 86' lang='lat' dir='ltr'><strong>solibus</strong></span> <span class='ocrx_word' id='word_1_209' title='bbox 389 2551 546 2601; x_wconf 89' lang='lat' dir='ltr'><strong>denominati</strong></span> <span class='ocrx_word' id='word_1_210' title='bbox 554 2560 622 2613; x_wconf 85' lang='lat' dir='ltr'><strong>sunt,</strong></span> <span class='ocrx_word' id='word_1_211' title='bbox 630 2551 699 2601; x_wconf 86' lang='lat' dir='ltr'><strong>unde</strong></span> <span class='ocrx_word' id='word_1_212' title='bbox 709 2553 805 2604; x_wconf 85' lang='lat' dir='ltr'><strong>Lucan.</strong></span> <span class='ocrx_word' id='word_1_213' title='bbox 847 2551 872 2599; x_wconf 90' lang='lat' dir='ltr'><strong>in</strong></span> <span class='ocrx_word' id='word_1_214' title='bbox 881 2551 1007 2600; x_wconf 82' lang='lat' dir='ltr'><strong>Parnasso</strong></span> <span class='ocrx_word' id='word_1_215' title='bbox 1014 2559 1102 2602; x_wconf 88' lang='lat' dir='ltr'><strong>monte</strong></span> <span class='ocrx_word' id='word_1_216' title='bbox 1110 2550 1239 2601; x_wconf 85' lang='lat' dir='ltr'><strong>&#39;l&#39;nemidia</strong></span> <span class='ocrx_word' id='word_1_217' title='bbox 1246 2551 1312 2600; x_wconf 86' lang='lat' dir='ltr'><strong>retis</strong></span> <span class='ocrx_word' id='word_1_218' title='bbox 1321 2564 1376 2599; x_wconf 84' lang='lat' dir='ltr'><strong>sor·</strong></span> 
     </span>
     <span class='ocr_line' id='line_1_26' title="bbox 280 2617 1373 2692; baseline -0.001 -16"><span class='ocrx_word' id='word_1_219' title='bbox 280 2642 374 2679; x_wconf 86' lang='lat' dir='ltr'><strong>anunm</strong></span> <span class='ocrx_word' id='word_1_220' title='bbox 393 2643 408 2679; x_wconf 81' lang='lat' dir='ltr'><strong>o</strong></span> <span class='ocrx_word' id='word_1_221' title='bbox 425 2629 530 2678; x_wconf 83' lang='lat' dir='ltr'><strong>consule</strong></span> <span class='ocrx_word' id='word_1_222' title='bbox 548 2617 641 2678; x_wconf 77' lang='lat' dir='ltr'><strong>nomen</strong></span> <span class='ocrx_word' id='word_1_223' title='bbox 660 2629 809 2692; x_wconf 83' lang='lat' dir='ltr'><strong>habentem,</strong></span> <span class='ocrx_word' id='word_1_224' title='bbox 849 2633 888 2676; x_wconf 88' lang='lat' dir='ltr'><strong>tes</strong></span> <span class='ocrx_word' id='word_1_225' title='bbox 900 2627 933 2676; x_wconf 85' lang='lat' dir='ltr'><strong>de</strong></span> <span class='ocrx_word' id='word_1_226' title='bbox 944 2627 1108 2691; x_wconf 86' lang='lat' dir='ltr'><strong>reparatione</strong></span> <span class='ocrx_word' id='word_1_227' title='bbox 1117 2629 1309 2678; x_wconf 80' lang='lat' dir='ltr'><strong>consuluerunt.</strong></span> <span class='ocrx_word' id='word_1_228' title='bbox 1333 2628 1373 2676; x_wconf 80' lang='lat' dir='ltr'><strong>Ex</strong></span> 
     </span>
     <span class='ocr_line' id='line_1_27' title="bbox 280 2701 1374 2767; baseline -0.001 -14"><span class='ocrx_word' id='word_1_229' title='bbox 280 2706 391 2756; x_wconf 87' lang='lat' dir='ltr'><strong>eandem</strong></span> <span class='ocrx_word' id='word_1_230' title='bbox 406 2720 529 2754; x_wconf 87' lang='lat' dir='ltr'><strong>annorum</strong></span> <span class='ocrx_word' id='word_1_231' title='bbox 544 2704 758 2756; x_wconf 79' lang='lat' dir='ltr'><strong>demerendorum</strong></span> <span class='ocrx_word' id='word_1_232' title='bbox 771 2707 809 2754; x_wconf 61' lang='lat' dir='ltr'><strong>rass</strong></span> <span class='ocrx_word' id='word_1_233' title='bbox 849 2703 923 2765; x_wconf 82' lang='lat' dir='ltr'><strong>cujus</strong></span> <span class='ocrx_word' id='word_1_234' title='bbox 946 2717 1069 2766; x_wconf 86' lang='lat' dir='ltr'><strong>rerponso</strong></span> <span class='ocrx_word' id='word_1_235' title='bbox 1088 2701 1259 2767; x_wconf 73' lang='lat' dir='ltr'><strong>significatum</strong></span> <span class='ocrx_word' id='word_1_236' title='bbox 1279 2709 1327 2765; x_wconf 86' lang='lat' dir='ltr'><strong>est,</strong></span> <span class='ocrx_word' id='word_1_237' title='bbox 1345 2709 1374 2752; x_wconf 89' lang='lat' dir='ltr'><strong>nt</strong></span> 
     </span>
     <span class='ocr_line' id='line_1_28' title="bbox 281 2778 1373 2846; baseline -0.001 -18"><span class='ocrx_word' id='word_1_238' title='bbox 281 2781 377 2830; x_wconf 85' lang='lat' dir='ltr'><strong>tionem</strong></span> <span class='ocrx_word' id='word_1_239' title='bbox 389 2782 509 2830; x_wconf 74' lang='lat' dir='ltr'><strong>terrarii.</strong></span> <span class='ocrx_word' id='word_1_240' title='bbox 526 2781 731 2831; x_wconf 83' lang='lat' dir='ltr'><strong>Deconsellbns</strong></span> <span class='ocrx_word' id='word_1_241' title='bbox 751 2795 808 2844; x_wconf 88' lang='lat' dir='ltr'><strong>sup.</strong></span> <span class='ocrx_word' id='word_1_242' title='bbox 849 2778 1000 2842; x_wconf 75' lang='lat' dir='ltr'><strong>corporibus</strong></span> <span class='ocrx_word' id='word_1_243' title='bbox 1020 2779 1166 2846; x_wconf 77' lang='lat' dir='ltr'><strong>discinctis,</strong></span> <span class='ocrx_word' id='word_1_244' title='bbox 1185 2785 1212 2828; x_wconf 89' lang='lat' dir='ltr'><strong>et</strong></span> <span class='ocrx_word' id='word_1_245' title='bbox 1230 2779 1315 2828; x_wconf 78' lang='lat' dir='ltr'><strong>relato</strong></span> <span class='ocrx_word' id='word_1_246' title='bbox 1332 2792 1373 2828; x_wconf 88' lang='lat' dir='ltr'><strong>ca·</strong></span> 
     </span>
     <span class='ocr_line' id='line_1_29' title="bbox 281 2853 1376 2919; baseline -0.001 -17"><span class='ocrx_word' id='word_1_247' title='bbox 281 2855 377 2918; x_wconf 76' lang='lat' dir='ltr'><strong>Hymu.</strong></span> <span class='ocrx_word' id='word_1_248' title='bbox 388 2860 412 2905; x_wconf 73' lang='lat'><strong>².</strong></span> <span class='ocrx_word' id='word_1_249' title='bbox 429 2871 465 2906; x_wconf 85' lang='lat' dir='ltr'><strong>rs.</strong></span> <span class='ocrx_word' id='word_1_250' title='bbox 474 2861 530 2906; x_wconf 76' lang='lat' dir='ltr'><strong>obt).</strong></span> <span class='ocrx_word' id='word_1_251' title='bbox 850 2853 905 2918; x_wconf 89' lang='lat' dir='ltr'><strong>pite</strong></span> <span class='ocrx_word' id='word_1_252' title='bbox 919 2869 1081 2918; x_wconf 73' lang='lat' dir='ltr'><strong>caramagnae</strong></span> <span class='ocrx_word' id='word_1_253' title='bbox 1093 2856 1208 2918; x_wconf 86' lang='lat' dir='ltr'><strong>parentis</strong></span> <span class='ocrx_word' id='word_1_254' title='bbox 1220 2853 1318 2919; x_wconf 84' lang='lat' dir='ltr'><strong>lapides</strong></span> <span class='ocrx_word' id='word_1_255' title='bbox 1328 2854 1376 2903; x_wconf 88' lang='lat' dir='ltr'><strong>sei·</strong></span> 
     </span>
    </p>

    <p class='ocr_par' dir='ltr' id='par_1_7' title="bbox 277 2929 1374 4284">
     <span class='ocr_line' id='line_1_30' title="bbox 313 2929 1373 2995; baseline 0.002 -19"><span class='ocrx_word' id='word_1_256' title='bbox 313 2933 362 2978; x_wconf 77' lang='grc'><strong>408</strong></span> <span class='ocrx_word' id='word_1_257' title='bbox 379 2931 507 2994; x_wconf 74' lang='lat' dir='ltr'><strong>Nestorea]</strong></span> <span class='ocrx_word' id='word_1_258' title='bbox 526 2931 548 2981; x_wconf 87' lang='grc' dir='ltr'><strong>Ι.</strong></span> <span class='ocrx_word' id='word_1_259' title='bbox 567 2947 591 2982; x_wconf 75' lang='lat' dir='ltr'><strong>e.</strong></span> <span class='ocrx_word' id='word_1_260' title='bbox 611 2933 727 2983; x_wconf 75' lang='lat' dir='ltr'><strong>neroum</strong></span> <span class='ocrx_word' id='word_1_261' title='bbox 746 2943 810 2986; x_wconf 61' lang='lat' dir='ltr'><strong>rem.</strong></span> <span class='ocrx_word' id='word_1_262' title='bbox 850 2929 913 2979; x_wconf 91' lang='lat' dir='ltr'><strong>licet</strong></span> <span class='ocrx_word' id='word_1_263' title='bbox 924 2935 1031 2994; x_wconf 86' lang='lat' dir='ltr'><strong>uterque</strong></span> <span class='ocrx_word' id='word_1_264' title='bbox 1048 2937 1108 2992; x_wconf 84' lang='lat' dir='ltr'><strong>post</strong></span> <span class='ocrx_word' id='word_1_265' title='bbox 1125 2944 1153 2978; x_wconf 85' lang='lat' dir='ltr'><strong>se</strong></span> <span class='ocrx_word' id='word_1_266' title='bbox 1166 2931 1277 2995; x_wconf 81' lang='lat' dir='ltr'><strong>jaceret.</strong></span> <span class='ocrx_word' id='word_1_267' title='bbox 1309 2929 1373 2978; x_wconf 87' lang='lat' dir='ltr'><strong>Pro·</strong></span> 
     </span>
     <span class='ocr_line' id='line_1_31' title="bbox 283 3005 1374 3071; baseline 0.003 -19"><span class='ocrx_word' id='word_1_268' title='bbox 283 3019 356 3068; x_wconf 89' lang='lat' dir='ltr'><strong>pora.</strong></span> <span class='ocrx_word' id='word_1_269' title='bbox 389 3007 489 3056; x_wconf 82' lang='lat' dir='ltr'><strong>Nestor</strong></span> <span class='ocrx_word' id='word_1_270' title='bbox 500 3015 585 3058; x_wconf 79' lang='lat' dir='ltr'><strong>antem</strong></span> <span class='ocrx_word' id='word_1_271' title='bbox 603 3007 670 3058; x_wconf 68' lang='lat' dir='ltr'><strong>filius</strong></span> <span class='ocrx_word' id='word_1_272' title='bbox 690 3009 739 3060; x_wconf 78' lang='lat' dir='ltr'><strong>fuit</strong></span> <span class='ocrx_word' id='word_1_273' title='bbox 754 3013 809 3062; x_wconf 66' lang='lat' dir='ltr'><strong>Ne.</strong></span> <span class='ocrx_word' id='word_1_274' title='bbox 844 3005 1010 3071; x_wconf 82' lang='lat' dir='ltr'><strong>jectiiteque</strong></span> <span class='ocrx_word' id='word_1_275' title='bbox 1026 3022 1042 3056; x_wconf 89' lang='lat' dir='ltr'><strong>a</strong></span> <span class='ocrx_word' id='word_1_276' title='bbox 1060 3007 1216 3058; x_wconf 77' lang='lat' dir='ltr'><strong>Deucalione</strong></span> <span class='ocrx_word' id='word_1_277' title='bbox 1235 3010 1262 3058; x_wconf 91' lang='lat' dir='ltr'><strong>in</strong></span> <span class='ocrx_word' id='word_1_278' title='bbox 1281 3019 1374 3070; x_wconf 81' lang='lat' dir='ltr'><strong>mares,</strong></span> 
     </span>
     <span class='ocr_line' id='line_1_32' title="bbox 282 3081 1373 3146; baseline 0.01 -18"><span class='ocrx_word' id='word_1_279' title='bbox 282 3081 318 3129; x_wconf 88' lang='lat' dir='ltr'><strong>lei</strong></span> <span class='ocrx_word' id='word_1_280' title='bbox 338 3089 366 3130; x_wconf 89' lang='lat' dir='ltr'><strong>et</strong></span> <span class='ocrx_word' id='word_1_281' title='bbox 384 3081 521 3144; x_wconf 82' lang='lat' dir='ltr'><strong>Chloridis,</strong></span> <span class='ocrx_word' id='word_1_282' title='bbox 541 3088 609 3132; x_wconf 88' lang='lat' dir='ltr'><strong>teste</strong></span> <span class='ocrx_word' id='word_1_283' title='bbox 630 3083 744 3134; x_wconf 87' lang='lat' dir='ltr'><strong>Homero</strong></span> <span class='ocrx_word' id='word_1_284' title='bbox 762 3087 808 3136; x_wconf 89' lang='lat' dir='ltr'><strong>lib.</strong></span> <span class='ocrx_word' id='word_1_285' title='bbox 850 3081 977 3146; x_wconf 68' lang='lat' dir='ltr'><strong>nPyrrhe</strong></span> <span class='ocrx_word' id='word_1_286' title='bbox 987 3097 1048 3134; x_wconf 80' lang='lat' dir='ltr'><strong>vero</strong></span> <span class='ocrx_word' id='word_1_287' title='bbox 1059 3083 1085 3133; x_wconf 82' lang='lat' dir='ltr'><strong>in</strong></span> <span class='ocrx_word' id='word_1_288' title='bbox 1102 3082 1373 3135; x_wconf 68' lang='lat' dir='ltr'><strong>Foeminuscreverunt·</strong></span> 
     </span>
     <span class='ocr_line' id='line_1_33' title="bbox 283 3155 1341 3228; baseline 0.012 -24"><span class='ocrx_word' id='word_1_289' title='bbox 283 3155 380 3218; x_wconf 76' lang='lat' dir='ltr'><strong>odyss.</strong></span> <span class='ocrx_word' id='word_1_290' title='bbox 390 3170 421 3206; x_wconf 88' lang='lat'><strong>11.</strong></span> <span class='ocrx_word' id='word_1_291' title='bbox 435 3157 477 3221; x_wconf 79' lang='lat' dir='ltr'><strong>qut</strong></span> <span class='ocrx_word' id='word_1_292' title='bbox 489 3157 551 3208; x_wconf 80' lang='lat' dir='ltr'><strong>belli</strong></span> <span class='ocrx_word' id='word_1_293' title='bbox 562 3158 668 3222; x_wconf 81' lang='lat' dir='ltr'><strong>&#39;rrojmi</strong></span> <span class='ocrx_word' id='word_1_294' title='bbox 681 3166 808 3228; x_wconf 80' lang='lat' dir='ltr'><strong>tempore,</strong></span> <span class='ocrx_word' id='word_1_295' title='bbox 848 3158 892 3207; x_wconf 80' lang='lat' dir='ltr'><strong>De</strong></span> <span class='ocrx_word' id='word_1_296' title='bbox 903 3159 1012 3207; x_wconf 83' lang='lat' dir='ltr'><strong>Romulo</strong></span> <span class='ocrx_word' id='word_1_297' title='bbox 1024 3173 1082 3222; x_wconf 85' lang='lat' dir='ltr'><strong>mp.</strong></span> <span class='ocrx_word' id='word_1_298' title='bbox 1094 3159 1190 3222; x_wconf 78' lang='lat' dir='ltr'><strong>Hymn.</strong></span> <span class='ocrx_word' id='word_1_299' title='bbox 1201 3163 1226 3211; x_wconf 73' lang='lat'><strong>2.</strong></span> <span class='ocrx_word' id='word_1_300' title='bbox 1237 3175 1273 3210; x_wconf 82' lang='lat' dir='ltr'><strong>vr·</strong></span> <span class='ocrx_word' id='word_1_301' title='bbox 1285 3165 1341 3210; x_wconf 74' lang='lat'>³1⁰·</span> 
     </span>
     <span class='ocr_line' id='line_1_34' title="bbox 277 3229 1372 3298; baseline 0.005 -19"><span class='ocrx_word' id='word_1_302' title='bbox 277 3231 334 3294; x_wconf 88' lang='lat' dir='ltr'><strong>jam</strong></span> <span class='ocrx_word' id='word_1_303' title='bbox 346 3229 593 3294; x_wconf 79' lang='lat' dir='ltr'><strong>senioreffectus,ut</strong></span> <span class='ocrx_word' id='word_1_304' title='bbox 603 3233 670 3282; x_wconf 88' lang='lat' dir='ltr'><strong>idem</strong></span> <span class='ocrx_word' id='word_1_305' title='bbox 679 3235 808 3286; x_wconf 84' lang='lat' dir='ltr'><strong>Homerus</strong></span> <span class='ocrx_word' id='word_1_306' title='bbox 878 3237 927 3282; x_wconf 72' lang='lat' dir='ltr'><strong>tit</strong></span> <span class='ocrx_word' id='word_1_307' title='bbox 945 3233 1030 3283; x_wconf 78' lang='lat' dir='ltr'><strong>Arcem</strong></span> <span class='ocrx_word' id='word_1_308' title='bbox 1038 3233 1189 3298; x_wconf 59' lang='grc' dir='ltr'><strong>κρείσσω]</strong></span> <span class='ocrx_word' id='word_1_309' title='bbox 1204 3232 1274 3288; x_wconf 84' lang='lat' dir='ltr'><strong>Quia</strong></span> <span class='ocrx_word' id='word_1_310' title='bbox 1285 3235 1372 3285; x_wconf 66' lang='lat' dir='ltr'><strong>Rome</strong></span> 
     </span>
     <span class='ocr_line' id='line_1_35' title="bbox 283 3305 1373 3375; baseline 0.002 -19"><span class='ocrx_word' id='word_1_311' title='bbox 283 3306 375 3356; x_wconf 84' lang='lat' dir='ltr'><strong>scribit</strong></span> <span class='ocrx_word' id='word_1_312' title='bbox 392 3305 439 3356; x_wconf 89' lang='lat' dir='ltr'><strong>lib.</strong></span> <span class='ocrx_word' id='word_1_313' title='bbox 458 3319 490 3355; x_wconf 87' lang='lat' dir='ltr'><strong>rr.</strong></span> <span class='ocrx_word' id='word_1_314' title='bbox 507 3308 604 3357; x_wconf 82' lang='lat' dir='ltr'><strong>iliados</strong></span> <span class='ocrx_word' id='word_1_315' title='bbox 624 3310 809 3375; x_wconf 73' lang='lat' dir='ltr'><strong>quinquaginta</strong></span> <span class='ocrx_word' id='word_1_316' title='bbox 849 3308 1373 3373; x_wconf 76' lang='lat' dir='ltr'><strong>pomerioseptem&#39;montesincluderent.</strong></span> 
     </span>
     <span class='ocr_line' id='line_1_36' title="bbox 283 3381 1373 3448; baseline 0.004 -18"><span class='ocrx_word' id='word_1_317' title='bbox 283 3381 392 3430; x_wconf 87' lang='lat' dir='ltr'><strong>naribus</strong></span> <span class='ocrx_word' id='word_1_318' title='bbox 402 3395 459 3430; x_wconf 86' lang='lat' dir='ltr'><strong>curn</strong></span> <span class='ocrx_word' id='word_1_319' title='bbox 471 3381 576 3446; x_wconf 87' lang='lat' dir='ltr'><strong>reliquia</strong></span> <span class='ocrx_word' id='word_1_320' title='bbox 586 3383 686 3434; x_wconf 75' lang='lat' dir='ltr'><strong>Grecis</strong></span> <span class='ocrx_word' id='word_1_321' title='bbox 697 3384 729 3434; x_wconf 87' lang='lat' dir='ltr'><strong>ad</strong></span> <span class='ocrx_word' id='word_1_322' title='bbox 744 3387 807 3436; x_wconf 80' lang='lat' dir='ltr'><strong>Tro·</strong></span> <span class='ocrx_word' id='word_1_323' title='bbox 848 3383 1009 3446; x_wconf 81' lang='lat' dir='ltr'><strong>Capitolinus</strong></span> <span class='ocrx_word' id='word_1_324' title='bbox 1031 3383 1141 3447; x_wconf 82' lang='lat' dir='ltr'><strong>scilicet,</strong></span> <span class='ocrx_word' id='word_1_325' title='bbox 1163 3385 1320 3448; x_wconf 82' lang='lat' dir='ltr'><strong>Esquilinus,</strong></span> <span class='ocrx_word' id='word_1_326' title='bbox 1339 3385 1373 3434; x_wconf 77' lang='lat' dir='ltr'><strong>A·</strong></span> 
     </span>
     <span class='ocr_line' id='line_1_37' title="bbox 279 3457 1372 3522; baseline 0.013 -17"><span class='ocrx_word' id='word_1_327' title='bbox 279 3458 335 3520; x_wconf 83' lang='lat' dir='ltr'><strong>jam</strong></span> <span class='ocrx_word' id='word_1_328' title='bbox 354 3457 441 3517; x_wconf 82' lang='lat' dir='ltr'><strong>renit;</strong></span> <span class='ocrx_word' id='word_1_329' title='bbox 462 3457 505 3505; x_wconf 90' lang='lat' dir='ltr'><strong>ubi</strong></span> <span class='ocrx_word' id='word_1_330' title='bbox 527 3457 628 3507; x_wconf 88' lang='lat' dir='ltr'><strong>consilii</strong></span> <span class='ocrx_word' id='word_1_331' title='bbox 649 3459 807 3513; x_wconf 71' lang='lat' dir='ltr'><strong>dexteritate</strong></span> <span class='ocrx_word' id='word_1_332' title='bbox 848 3457 977 3516; x_wconf 63' lang='lat' dir='ltr'><strong>lentium,</strong></span> <span class='ocrx_word' id='word_1_333' title='bbox 994 3460 1138 3522; x_wconf 65' lang='lat' dir='ltr'><strong>Viffllnolis,</strong></span> <span class='ocrx_word' id='word_1_334' title='bbox 1154 3460 1298 3518; x_wconf 63' lang='lat' dir='ltr'><strong>Paltiimlss,</strong></span> <span class='ocrx_word' id='word_1_335' title='bbox 1316 3462 1372 3510; x_wconf 70' lang='lat'><strong>0⁸·</strong></span> 
     </span>
     <span class='ocr_line' id='line_1_38' title="bbox 283 3531 1372 3600; baseline 0.007 -21"><span class='ocrx_word' id='word_1_336' title='bbox 283 3540 381 3581; x_wconf 86' lang='lat' dir='ltr'><strong>tantum</strong></span> <span class='ocrx_word' id='word_1_337' title='bbox 397 3531 547 3582; x_wconf 75' lang='lat' dir='ltr'><strong>Graecorum</strong></span> <span class='ocrx_word' id='word_1_338' title='bbox 568 3533 644 3584; x_wconf 82' lang='lat' dir='ltr'><strong>rebus</strong></span> <span class='ocrx_word' id='word_1_339' title='bbox 656 3534 764 3600; x_wconf 81' lang='lat' dir='ltr'><strong>profuit,</strong></span> <span class='ocrx_word' id='word_1_340' title='bbox 778 3547 807 3589; x_wconf 89' lang='lat' dir='ltr'><strong>ut</strong></span> <span class='ocrx_word' id='word_1_341' title='bbox 846 3531 904 3595; x_wconf 76' lang='lat' dir='ltr'><strong>llus,</strong></span> <span class='ocrx_word' id='word_1_342' title='bbox 914 3533 1064 3586; x_wconf 80' lang='lat' dir='ltr'><strong>Quirinalis.</strong></span> <span class='ocrx_word' id='word_1_343' title='bbox 1084 3537 1171 3589; x_wconf 83' lang='lat' dir='ltr'><strong>Quare</strong></span> <span class='ocrx_word' id='word_1_344' title='bbox 1189 3539 1304 3588; x_wconf 86' lang='lat' dir='ltr'><strong>‘sacrum</strong></span> <span class='ocrx_word' id='word_1_345' title='bbox 1316 3551 1372 3600; x_wconf 80' lang='lat' dir='ltr'><strong>rep·</strong></span> 
     </span>
     <span class='ocr_line' id='line_1_39' title="bbox 282 3607 1373 3674; baseline 0.005 -18"><span class='ocrx_word' id='word_1_346' title='bbox 282 3607 458 3672; x_wconf 79' lang='lat' dir='ltr'><strong>Agamemnon</strong></span> <span class='ocrx_word' id='word_1_347' title='bbox 472 3608 588 3672; x_wconf 82' lang='lat' dir='ltr'><strong>profiteri</strong></span> <span class='ocrx_word' id='word_1_348' title='bbox 604 3626 655 3660; x_wconf 88' lang='lat' dir='ltr'><strong>non</strong></span> <span class='ocrx_word' id='word_1_349' title='bbox 667 3611 807 3674; x_wconf 87' lang='lat' dir='ltr'><strong>dubitaret,</strong></span> <span class='ocrx_word' id='word_1_350' title='bbox 848 3608 1009 3660; x_wconf 83' lang='lat' dir='ltr'><strong>timoutinm&#39;</strong></span> <span class='ocrx_word' id='word_1_351' title='bbox 1024 3613 1091 3662; x_wconf 87' lang='lat' dir='ltr'><strong>inter</strong></span> <span class='ocrx_word' id='word_1_352' title='bbox 1109 3612 1187 3663; x_wconf 85' lang='lat' dir='ltr'><strong>t&#39;erias</strong></span> <span class='ocrx_word' id='word_1_353' title='bbox 1200 3613 1328 3663; x_wconf 86' lang='lat' dir='ltr'><strong>Romanas</strong></span> <span class='ocrx_word' id='word_1_354' title='bbox 1337 3611 1373 3662; x_wconf 86' lang='lat' dir='ltr'><strong>le-</strong></span> 
     </span>
     <span class='ocr_line' id='line_1_40' title="bbox 284 3683 1181 3751; baseline 0.01 -20"><span class='ocrx_word' id='word_1_355' title='bbox 284 3683 357 3732; x_wconf 87' lang='lat' dir='ltr'><strong>breri</strong></span> <span class='ocrx_word' id='word_1_356' title='bbox 378 3698 405 3733; x_wconf 90' lang='lat' dir='ltr'><strong>se</strong></span> <span class='ocrx_word' id='word_1_357' title='bbox 426 3683 502 3733; x_wconf 85' lang='lat' dir='ltr'><strong>lllum</strong></span> <span class='ocrx_word' id='word_1_358' title='bbox 514 3683 592 3734; x_wconf 82' lang='lat' dir='ltr'><strong>fnisse</strong></span> <span class='ocrx_word' id='word_1_359' title='bbox 604 3695 809 3751; x_wconf 77' lang='lat' dir='ltr'><strong>expugnaturum</strong></span> <span class='ocrx_word' id='word_1_360' title='bbox 850 3685 931 3749; x_wconf 65' lang='lat' dir='ltr'><strong>simus</strong></span> <span class='ocrx_word' id='word_1_361' title='bbox 942 3687 1011 3750; x_wconf 81' lang='lat' dir='ltr'><strong>apud</strong></span> <span class='ocrx_word' id='word_1_362' title='bbox 1021 3689 1181 3739; x_wconf 80' lang='lat' dir='ltr'><strong>Suetonium.</strong></span> 
     </span>
     <span class='ocr_line' id='line_1_41' title="bbox 282 3757 1371 3826; baseline 0.007 -20"><span class='ocrx_word' id='word_1_363' title='bbox 282 3759 304 3807; x_wconf 89' lang='lat' dir='ltr'><strong>si</strong></span> <span class='ocrx_word' id='word_1_364' title='bbox 322 3759 411 3808; x_wconf 86' lang='lat' dir='ltr'><strong>decem</strong></span> <span class='ocrx_word' id='word_1_365' title='bbox 427 3761 475 3809; x_wconf 82' lang='lat' dir='ltr'><strong>ribi</strong></span> <span class='ocrx_word' id='word_1_366' title='bbox 489 3761 659 3825; x_wconf 77' lang='lat' dir='ltr'><strong>contigissent</strong></span> <span class='ocrx_word' id='word_1_367' title='bbox 675 3764 808 3816; x_wconf 82' lang='lat' dir='ltr'><strong>Nestorea.</strong></span> <span class='ocrx_word' id='word_1_368' title='bbox 880 3764 929 3811; x_wconf 76' lang='grc'><strong>414</strong></span> <span class='ocrx_word' id='word_1_369' title='bbox 946 3757 1084 3826; x_wconf 75' lang='lat' dir='ltr'><strong>Anspimto]</strong></span> <span class='ocrx_word' id='word_1_370' title='bbox 1106 3765 1173 3816; x_wconf 83' lang='lat' dir='ltr'><strong>Quia</strong></span> <span class='ocrx_word' id='word_1_371' title='bbox 1193 3764 1325 3826; x_wconf 85' lang='lat' dir='ltr'><strong>Romulus,</strong></span> <span class='ocrx_word' id='word_1_372' title='bbox 1341 3769 1371 3814; x_wconf 88' lang='lat' dir='ltr'><strong>ut</strong></span> 
     </span>
     <span class='ocr_line' id='line_1_42' title="bbox 283 3833 1370 3904; baseline 0.011 -23"><span class='ocrx_word' id='word_1_373' title='bbox 283 3833 397 3884; x_wconf 82' lang='lat' dir='ltr'><strong>Uxorem</strong></span> <span class='ocrx_word' id='word_1_374' title='bbox 416 3836 504 3887; x_wconf 82' lang='lat' dir='ltr'><strong>babuit</strong></span> <span class='ocrx_word' id='word_1_375' title='bbox 526 3837 671 3902; x_wconf 79' lang='lat' dir='ltr'><strong>Eurydicen</strong></span> <span class='ocrx_word' id='word_1_376' title='bbox 693 3839 809 3904; x_wconf 76' lang='lat' dir='ltr'><strong>Clymeni</strong></span> <span class='ocrx_word' id='word_1_377' title='bbox 846 3835 1370 3901; x_wconf 74' lang='lat' dir='ltr'><strong>JamPeristm.oro.dtxtmm,etuemm</strong></span> 
     </span>
     <span class='ocr_line' id='line_1_43' title="bbox 281 3906 1372 3979; baseline 0.012 -26"><span class='ocrx_word' id='word_1_378' title='bbox 281 3906 370 3959; x_wconf 81' lang='lat' dir='ltr'><strong>tilium.</strong></span> <span class='ocrx_word' id='word_1_379' title='bbox 404 3913 445 3960; x_wconf 88' lang='lat' dir='ltr'><strong>De</strong></span> <span class='ocrx_word' id='word_1_380' title='bbox 457 3927 489 3959; x_wconf 88' lang='lat' dir='ltr'><strong>eo</strong></span> <span class='ocrx_word' id='word_1_381' title='bbox 500 3913 607 3974; x_wconf 83' lang='lat' dir='ltr'><strong>loquens</strong></span> <span class='ocrx_word' id='word_1_382' title='bbox 618 3912 729 3961; x_wconf 74' lang='lat' dir='ltr'><strong>Ovidius</strong></span> <span class='ocrx_word' id='word_1_383' title='bbox 740 3915 808 3964; x_wconf 77' lang='lat' dir='ltr'><strong>ccci.</strong></span> <span class='ocrx_word' id='word_1_384' title='bbox 850 3918 909 3960; x_wconf 86' lang='lat' dir='ltr'><strong>uter</strong></span> <span class='ocrx_word' id='word_1_385' title='bbox 917 3915 1093 3977; x_wconf 77' lang='lat' dir='ltr'><strong>aruspicaretur</strong></span> <span class='ocrx_word' id='word_1_386' title='bbox 1101 3923 1128 3963; x_wconf 90' lang='lat' dir='ltr'><strong>et</strong></span> <span class='ocrx_word' id='word_1_387' title='bbox 1139 3925 1242 3979; x_wconf 79' lang='lat' dir='ltr'><strong>regeret</strong></span> <span class='ocrx_word' id='word_1_388' title='bbox 1252 3915 1372 3966; x_wconf 84' lang='lat' dir='ltr'><strong>adbibue-</strong></span> 
     </span>
     <span class='ocr_line' id='line_1_44' title="bbox 284 3983 1372 4053; baseline 0.011 -25"><span class='ocrx_word' id='word_1_389' title='bbox 284 3983 331 4040; x_wconf 85' lang='lat' dir='ltr'><strong>nit,</strong></span> <span class='ocrx_word' id='word_1_390' title='bbox 357 3987 436 4035; x_wconf 76' lang='lat' dir='ltr'><strong>‘Vixi</strong></span> <span class='ocrx_word' id='word_1_391' title='bbox 453 3988 541 4036; x_wconf 72' lang='lat' dir='ltr'><strong>Aornos</strong></span> <span class='ocrx_word' id='word_1_392' title='bbox 557 3989 595 4037; x_wconf 87' lang='lat' dir='ltr'><strong>bis</strong></span> <span class='ocrx_word' id='word_1_393' title='bbox 613 3997 808 4053; x_wconf 83' lang='lat' dir='ltr'><strong>centum,nunc</strong></span> <span class='ocrx_word' id='word_1_394' title='bbox 848 4002 876 4037; x_wconf 88' lang='lat' dir='ltr'><strong>re</strong></span> <span class='ocrx_word' id='word_1_395' title='bbox 897 3987 1006 4052; x_wconf 83' lang='lat' dir='ltr'><strong>piaculo.</strong></span> <span class='ocrx_word' id='word_1_396' title='bbox 1032 3990 1109 4040; x_wconf 84' lang='lat' dir='ltr'><strong>Prior</strong></span> <span class='ocrx_word' id='word_1_397' title='bbox 1129 3991 1372 4052; x_wconf 78' lang='lat' dir='ltr'><strong>illesex&#39;rultures,</strong></span> 
     </span>
     <span class='ocr_line' id='line_1_45' title="bbox 284 4059 1372 4129; baseline 0.016 -29"><span class='ocrx_word' id='word_1_398' title='bbox 284 4059 360 4106; x_wconf 75' lang='lat' dir='ltr'><strong>tertia</strong></span> <span class='ocrx_word' id='word_1_399' title='bbox 373 4061 466 4108; x_wconf 69' lang='lat' dir='ltr'><strong>victum</strong></span> <span class='ocrx_word' id='word_1_400' title='bbox 484 4063 563 4111; x_wconf 58' lang='lat' dir='ltr'><strong>atae:</strong></span> <span class='ocrx_word' id='word_1_401' title='bbox 595 4065 695 4117; x_wconf 57' lang='lat' dir='ltr'><strong>Quibus</strong></span> <span class='ocrx_word' id='word_1_402' title='bbox 715 4067 808 4116; x_wconf 67' lang='lat' dir='ltr'><strong>intelli.</strong></span> <span class='ocrx_word' id='word_1_403' title='bbox 849 4063 973 4115; x_wconf 84' lang='lat' dir='ltr'><strong>Romulus</strong></span> <span class='ocrx_word' id='word_1_404' title='bbox 983 4073 1083 4129; x_wconf 82' lang='lat' dir='ltr'><strong>postea,</strong></span> <span class='ocrx_word' id='word_1_405' title='bbox 1094 4067 1138 4115; x_wconf 82' lang='lat' dir='ltr'><strong>sed</strong></span> <span class='ocrx_word' id='word_1_406' title='bbox 1150 4067 1288 4118; x_wconf 86' lang='lat' dir='ltr'><strong>duodecim</strong></span> <span class='ocrx_word' id='word_1_407' title='bbox 1302 4069 1372 4119; x_wconf 82' lang='lat' dir='ltr'><strong>vidit.</strong></span> 
     </span>
     <span class='ocr_line' id='line_1_46' title="bbox 283 4132 1350 4202; baseline 0.007 -18"><span class='ocrx_word' id='word_1_408' title='bbox 283 4134 353 4196; x_wconf 74' lang='lat' dir='ltr'><strong>gitru</strong></span> <span class='ocrx_word' id='word_1_409' title='bbox 363 4133 496 4185; x_wconf 81' lang='lat' dir='ltr'><strong>Nestorem</strong></span> <span class='ocrx_word' id='word_1_410' title='bbox 504 4141 652 4200; x_wconf 79' lang='lat' dir='ltr'><strong>pervenisse</strong></span> <span class='ocrx_word' id='word_1_411' title='bbox 662 4141 695 4190; x_wconf 85' lang='lat' dir='ltr'><strong>ad</strong></span> <span class='ocrx_word' id='word_1_412' title='bbox 704 4143 807 4198; x_wconf 74' lang='lat' dir='ltr'><strong>tertium</strong></span> <span class='ocrx_word' id='word_1_413' title='bbox 847 4139 891 4189; x_wconf 86' lang='lat' dir='ltr'><strong>Sic</strong></span> <span class='ocrx_word' id='word_1_414' title='bbox 903 4141 985 4189; x_wconf 82' lang='lat' dir='ltr'><strong>victor</strong></span> <span class='ocrx_word' id='word_1_415' title='bbox 996 4142 1102 4202; x_wconf 75' lang='lat' dir='ltr'><strong>augurio</strong></span> <span class='ocrx_word' id='word_1_416' title='bbox 1114 4144 1203 4192; x_wconf 87' lang='lat' dir='ltr'><strong>urbem</strong></span> <span class='ocrx_word' id='word_1_417' title='bbox 1216 4132 1350 4194; x_wconf 76' lang='lat' dir='ltr'><strong>excitn&#39;vit.</strong></span> 
     </span>
     <span class='ocr_line' id='line_1_47' title="bbox 284 4215 1371 4284; baseline 0.012 -26"><span class='ocrx_word' id='word_1_418' title='bbox 284 4215 396 4260; x_wconf 77' lang='lat' dir='ltr'><strong>etatem.</strong></span> <span class='ocrx_word' id='word_1_419' title='bbox 880 4215 1371 4284; x_wconf 63' lang='lat' dir='ltr'><strong>arrectiorarmtwnjmtemptorum·</strong></span> 
     </span>
    </p>
   </div>
   <div class='ocr_carea' id='block_1_7' title="bbox 0 0 1526 4900">
    <p class='ocr_par' dir='ltr' id='par_1_8' title="bbox 0 0 1526 4900">
     <span class='ocr_line' id='line_1_48' title="bbox 0 0 1526 4900; baseline 0 0"><span class='ocrx_word' id='word_1_420' title='bbox 0 0 1526 4900; x_wconf 95' lang='lat' dir='ltr'><strong> </strong></span> 
     </span>
    </p>
   </div>
  </div>
 </body>
</html>
