3034 4900
290 407 334 474 28
718 419 936 468 inmutato.

291 586 377 644 esse,
392 580 522 631 serrare
545 563 609 628 Dei
623 563 643 643 ;’
673 567 772 646 atque
796 563 923 628 idcirco
948 567 1122 627 ‘nostram
1143 563 1179 628 iu
1193 565 1271 630 Deo
1284 580 1388 648 spem

292 687 422 733 omnem
451 663 702 732 collocandam'
731 684 809 729 esse
838 665 939 730 docet
963 667 999 729 iu
1021 665 1210 749 symmach.
1237 681 1279 730 11.
1304 665 1389 731 159.

292 768 496 854 Quidquodt
520 773 530 802 ‘
546 767 684 846 Oratio,’
695 767 798 852 juxta
813 767 847 832 S.
862 767 990 850 Aug.,¹⁸
1013 771 1025 803 ‘
1040 768 1227 833 clarissima
1241 774 1293 832 est
1305 787 1389 849 gra·

291 875 347 939 tiae
362 870 573 938 testificatio!
615 869 662 934 At
675 871 765 933 euim
778 870 960 934 innumeris
974 871 1059 936 locis
1073 878 1147 935 orat
1163 869 1272 934 Deum
1288 870 1387 935 Pod-

291 979 337 1053 ta,
350 993 418 1039 non
432 973 540 1038 solnm
556 977 593 1036 ut
606 971 758 1035 infideles
773 970 818 1036 ad
833 971 999 1037 Christum
1022 972 1179 1048 adducat,
1202 970 1261 1035 sed
1276 971 1388 1036 etiam

289 1081 329 1140 ut
354 1080 440 1139 ‘sua
455 1080 560 1156 tergat
574 1073 705 1150 delicta,
721 1092 838 1155 purum
862 1093 899 1137 se
921 1081 1068 1157 praestet,
1083 1092 1124 1136 ac
1138 1092 1215 1136 esse
1236 1072 1387 1156 jubeat,'

291 1193 367 1260 quae
382 1183 552 1258 postrema
562 1172 718 1257 precandi
726 1173 881 1250 formula,
897 1175 932 1240 S.
941 1173 1133 1256 Augustino
1145 1175 1384 1251 usitatissima,

292 1278 442 1361 superbis
457 1276 647 1359 Pelagianis
663 1281 834 1358 tantopere
855 1276 1068 1359 displicebat.
1110 1277 1291 1341 Pudicitiae
1305 1277 1382 1342 vic-

290 1377 410 1443 toriam
433 1378 496 1442 soli
512 1377 644 1443 Christo
659 1377 799 1441 ascribit
812 1376 1054 1460 Psychomacb.
1075 1398 1126 1443 vs.
1138 1377 1192 1443 57.
1206 1377 1294 1460 qnod
1312 1380 1380 1442 snb

290 1479 366 1543 libri
381 1480 475 1545 finem
493 1479 537 1546 ad
551 1479 637 1544 alias
657 1498 771 1544 omues
795 1480 934 1544 virtutes
950 1479 1111 1544 extendit
1153 1478 1188 1543 N
1189 1498 1244 1543 am
1258 1479 1382 1544 moles·

290 1580 425 1645 tissima
439 1600 479 1646 ac
495 1582 781 1664 periculosissima
795 1601 928 1646 caruem
950 1584 1036 1647 iuter
1058 1590 1093 1647 ct
1115 1583 1267 1667 spiritum
1288 1600 1381 1646 com·

290 1687 472 1747 memorata
486 1701 607 1766 pugna,
623 1684 665 1746 ab
680 1701 721 1748 ea
736 1683 862 1747 tamdiu
877 1702 939 1748 nos
955 1685 1102 1748 exerceri
1117 1684 1228 1761 docet,

376 1831 492 1896 Donec
507 1833 663 1916 praesidio
680 1831 832 1897 Christus
847 1833 942 1898 Deus
955 1833 1055 1912 adsit,
1068 1840 1103 1899 et
1116 1853 1232 1898 omncs

375 1925 545 1997 Virtutum
559 1953 707 2016 gemmas
723 1941 905 2016 componat
924 1933 1004 1998 sede
1018 1936 1125 2018 piata.

292 2071 359 2137 Sed
384 2074 495 2157 majus
519 2076 599 2158 quid
623 2081 659 2140 et
679 2076 873 2160 expressius
891 2076 993 2141 babet
1007 2077 1181 2161 Psycbom.
1195 2097 1246 2141 vs.
1257 2075 1332 2141 rub.
1346 2084 1381 2142 et

291 2191 373 2256 seq„
387 2194 454 2258 quo
469 2177 502 2240 iu
517 2176 593 2241 loeo
607 2176 804 2244 humilitatis
816 2197 891 2243 cum
906 2180 1066 2262 superbia
1075 2186 1242 2244 certamen
1255 2179 1380 2243 descri-

289 2274 383 2352 bens,
398 2279 544 2356 reginam
557 2297 630 2342 eam
646 2279 777 2361 quidem
791 2279 884 2356 facit,
898 2281 959 2345 sed
978 2282 1122 2365 propriis
1143 2281 1288 2346 diffisum
1300 2280 1381 2345 viri·

290 2375 364 2453 bus,
377 2394 418 2439 ac
434 2377 540 2441 alieno
555 2378 756 2461 indigentem
770 2380 920 2446 auxilio:

464 2553 471 2569 .
489 2558 497 2572 .
514 2556 522 2573 .
539 2558 547 2573 .
563 2510 696 2593 Regina
710 2511 856 2595 quidem,
871 2514 931 2577 sed
941 2534 1040 2596 egens
1051 2517 1153 2581 alieni

466 2610 612 2691 Auxilii,
629 2617 765 2698 proprio
778 2634 842 2680 uec
855 2624 908 2680 sat
923 2616 1050 2681 confisa
1064 2624 1198 2701 paratu:

291 2772 367 2835 quae
383 2760 450 2818 taur
461 2754 594 2820 humilis
608 2755 754 2840 propriae
768 2757 1010 2823 imbecillitatis
1024 2758 1188 2823 consessio
1202 2760 1292 2824 nullo
1308 2781 1380 2825 mo·

290 2852 334 2916 do
349 2874 393 2917 ex
408 2855 523 2921 inflato
539 2858 800 2939 Pelagianorum
812 2879 870 2925 ore
879 2860 1080 2943 prodiisset:
1103 2870 1173 2927 tum
1184 2863 1380 2943 superbiam

289 2952 415 3019 inducit
436 2959 691 3039 exprobrantem
715 2957 906 3038 humilitati,
928 2961 1030 3045 quod,
1055 2962 1133 3045 ipsa
1156 2965 1291 3039 famule,
1314 2984 1381 3028 non

291 3055 336 3119 sit
350 3056 467 3136 libera,
482 3056 541 3122 sed
558 3064 646 3123 metu
660 3057 884 3141 degenerans:

504 3238 512 3255 .
527 3236 535 3256 .
551 3234 561 3253 .
577 3238 585 3256 .
603 3192 677 3259 Nec
691 3195 795 3259 libera
803 3196 921 3279 judice
935 3218 1010 3262 sese

376 3292 475 3356 Mens
486 3291 631 3373 humilis,
647 3314 751 3378 quam
767 3297 964 3379 degenerem
980 3299 1158 3383 trepidatio
1172 3300 1292 3383 prodit.

292 3433 402 3514 Quam
416 3433 470 3499 hic
485 3434 528 3499 ab
540 3435 670 3501 homine
691 3438 878 3506 libertatem
898 3449 1044 3508 removet
1066 3442 1197 3509 Po'etal
1220 3443 1300 3508 Non
1316 3446 1379 3510 uti-

290 3556 356 3619 que
379 3536 574 3615 naturalem,
590 3537 633 3602 ad
650 3558 758 3621 quam
777 3543 985 3607 astruendam
1000 3549 1091 3608 totns
1112 3544 1289 3608 insumitur
1304 3544 1379 3610 Ha-

290 3645 385 3702 mart.
410 3638 512 3703 liber:
543 3657 617 3703 eam
643 3640 742 3724 igitur
763 3641 897 3706 felicem
919 3663 1054 3726 prorsus
1068 3653 1103 3710 et
1116 3645 1228 3710 laetam
1243 3647 1287 3711 ad
1302 3646 1378 3711 dili-

156 3808 158 3817 ,
289 3740 432 3821 gendum
448 3739 566 3815 Deum,
581 3746 615 3805 et
628 3742 750 3806 bouum
765 3742 997 3829 quodcumque
1006 3745 1149 3812 salutare
1165 3747 1378 3831 operandum,

289 3858 389 3923 quam
404 3860 517 3906 ornnes
535 3841 686 3906 homines
709 3842 809 3926 primi
830 3846 964 3928 peccati
986 3846 1168 3929 granditate
1190 3848 1378 3931 perdidisse

291 3938 391 4005 docet
405 3943 551 4007 invictus
564 3940 588 4007 J
589 3962 648 4007 esu
663 3942 786 4009 Christi
798 3948 911 4028 gratiae
921 3947 1073 4012 defensor
1087 3948 1122 4012 S.
1137 3947 1223 4032 Aug.
1239 3969 1291 4034 ep.
1302 3950 1378 4015 217.

290 4058 366 4121 quae
382 4050 434 4107 est
447 4042 491 4107 ad
505 4042 611 4109 Vital.
628 4062 678 4109 ιν.
694 4044 747 4112 12.
762 4049 851 4111 uude
875 4046 1008 4114 subdit:
1040 4044 1052 4084 ³
1067 4048 1165 4115 Utin
1180 4052 1290 4116 Deum
1304 4072 1378 4119 cre-

481 4226 512 4272 18
528 4224 577 4287 Ep.
590 4230 646 4277 177.
656 4240 715 4279 uor.
727 4223 790 4277 edit.
800 4241 857 4292 qua
869 4226 903 4278 ud
913 4225 1050 4279 luuoceut.
1062 4230 1118 4282 1³1².
1129 4234 1143 4296 t
1153 4236 1179 4282 t.
