3034 4900
381 873 805 968 TESTIMONIA
838 873 1178 966 VETERUM

760 1164 810 1212 nn

555 1399 999 1476 PRUDENTIO.

388 1879 583 1948 Gennadius
598 1880 633 1944 in
648 1880 801 1963 catalogo
814 1879 960 1944 virorum
975 1877 1166 1945 illustrium.

230 1983 507 2086 Puunsuuos,
534 2007 584 2072 vir
608 2006 782 2072 saecularis
804 2005 988 2070 literaturae
1003 2005 1164 2085 eruditus,
1184 2026 1324 2092 compo·

228 2112 293 2176 snit
308 2109 500 2195 Diptycbou
523 2110 565 2174 de
588 2107 709 2174 Veteri
735 2113 771 2172 et
793 2106 830 2172 N
830 2127 896 2174 ouo
918 2107 1150 2186 Testamenta,
1169 2109 1325 2192 personis

227 2211 397 2298 exceptis.
421 2209 824 2276 Commentntusestotin
837 2229 961 2275 morem
971 2210 1167 2275 Graecorum
1183 2208 1323 2276 Hexali·
1394 2255 1401 2266 .

226 2313 395 2378 meronda
418 2313 536 2378 mundi
554 2307 813 2396 fabricamque
836 2311 879 2376 ad
902 2312 1130 2378 conditionem
1154 2312 1252 2397 primi
1265 2313 1325 2377 bo-

225 2415 336 2494 minis,
351 2422 385 2481 et
393 2415 707 2501 praevaricationem
719 2413 806 2499 ejus.
823 2410 1021 2497 Composuit
1030 2421 1066 2479 et
1074 2413 1223 2492 libellos,
1234 2432 1322 2499 quos

225 2516 349 2583 Graeca
367 2518 591 2602 appellatione
616 2516 847 2601 praetitulavit,
871 2514 1089 2600 Apotheosis,
1115 2516 1322 2601 Psycboma·

225 2618 311 2698 chia,
333 2620 601 2703 Hamartigenm,
623 2620 647 2685 i.
670 2639 700 2684 a.
727 2616 769 2683 de
793 2616 978 2698 divinitate,
1000 2617 1042 2682 de
1065 2619 1323 2703 compugnantia

224 2721 339 2799 animi,
355 2722 395 2786 de
410 2722 536 2805 origiue
551 2726 779 2806 peccatorum.
825 2720 921 2786 Fecit
939 2726 973 2786 et
989 2722 1021 2785 in
1042 2720 1176 2789 laudem
1191 2719 1321 2806 Marty-

224 2838 307 2899 rum,
322 2822 384 2886 sub
399 2824 585 2907 aliquorum
598 2824 802 2900 nominibus,
824 2824 1053 2891 invitatorium
1066 2822 1110 2888 ad
1125 2824 1320 2908 martyrium

223 2922 341 2987 librum
356 2944 469 3004 unum,
484 2933 519 2991 et
533 2924 746 3009 Hymnorum
757 2926 909 2990 alterum.
953 2925 1102 3008 Speciali
1113 2932 1227 2991 tamen
1238 2945 1319 2991 cou-

222 3024 345 3091 ditione
371 3028 532 3094 adversus
558 3026 808 3111 Symmachum,
830 3026 1053 3092 idololatriam
1080 3024 1318 3105 defendentem,

222 3128 309 3193 duos
324 3130 422 3195 lauda
437 3131 650 3215 dignissimos
670 3132 777 3199 libros
800 3129 990 3214 compegit:
1020 3149 1066 3195 ex
1088 3149 1228 3215 quorum
1249 3130 1319 3197 lec·

223 3229 314 3294 tione
329 3231 520 3313 agnoscitur
535 3231 711 3297 Palatinus
725 3232 821 3295 miles
835 3228 953 3296 inisse.

404 3378 563 3447 Sidonius
579 3381 797 3465 Apollinaris.
833 3380 907 3446 Lib.
920 3400 961 3446 rr.
976 3382 1085 3466 Epist.
1099 3382 1133 3447 9.

271 3498 355 3563 Num
370 3498 488 3563 similis
509 3500 659 3565 scientiae
680 3500 754 3579 viri,
776 3500 852 3566 binc
867 3500 1087 3583 Augustinus,
1099 3502 1175 3567 binc
1191 3500 1312 3582 Varro,

219 3602 295 3667 binc
312 3600 488 3677 Horatius,
505 3600 581 3666 binc
601 3601 803 3667 Prudentius
826 3601 1072 3667 lectitabantur.
1116 3602 1214 3682 Quos
1235 3606 1319 3670 inter

221 3700 444 3767 Adamantius
459 3700 620 3783 Origenes
632 3702 796 3768 Turranio
813 3702 938 3768 Rufino
950 3704 1185 3787 interpretatus
1199 3706 1317 3771 sedulo

220 3802 297 3868 srdei
312 3812 436 3870 nostroe
450 3803 635 3869 lectoribus
649 3803 902 3887 inspiciebatur.

521 3953 674 4020 Alcimus
688 3952 813 4021 Avitus
827 3954 993 4038 poemate.

307 4072 375 4137 Hae
392 4073 521 4137 virtutis
533 4092 626 4156 opes,
642 4073 695 4137 hae
709 4080 791 4137 suut
804 4072 931 4136 solatia
943 4074 1035 4151 belli,

307 4173 394 4255 Quis
409 4174 547 4241 dubium
558 4176 719 4241 adversus
732 4178 850 4241 mentis
865 4196 939 4243 cum
954 4195 1093 4259 corpore
1106 4176 1231 4243 bellum
