3034 4900
256 389 279 458 4
702 400 909 456 ranssrro.

257 546 350 630 lium,
376 549 434 636 qui
457 550 492 616 in
515 549 605 615 rotis
628 548 774 625 habent,¹
800 553 838 613 ut
861 565 938 611 cum
961 541 1118 626 Virgilio,
1138 537 1295 621 Horatio,
1307 562 1350 609 ac

257 652 430 730 Cicerone,
447 652 481 716 in
495 650 691 716 Christianis
715 648 855 724 scholis,
878 647 978 710 etiam
993 645 1182 723 iuvencus,
1205 644 1350 709 Lactan-

256 755 335 835 tius,
346 761 449 837 atque
464 750 665 816 Prudentius
681 750 934 833 conjungantur,
949 765 1017 829 qno
1028 745 1188 831 juventus
1202 745 1352 811 Catholi-

256 874 306 921 coe
333 855 505 938 religionis
529 849 755 931 fundamenta,
783 849 904 915 veteris
933 847 1098 913 Ecclesiae
1126 846 1350 930 disciplinam,

255 971 376 1034 mores,
387 963 423 1020 et
433 956 528 1020 vicos
537 952 709 1019 addiscere
718 958 848 1016 mature
857 949 969 1015 valeat
980 969 1021 1015 ac
1032 956 1123 1016 recte
1132 967 1354 1032 cognoscere3

255 1056 345 1140 quod
374 1075 456 1120 sane
478 1054 622 1120 multum
648 1053 813 1120 conferret
833 1051 876 1116 ad
900 1051 1059 1134 pietatem
1080 1057 1116 1116 et
1140 1050 1183 1114 ad
1205 1051 1349 1115 solidam

255 1158 362 1222 omnis
377 1158 506 1238 generis
526 1156 759 1222 eruditionem.
803 1153 875 1218 Res
899 1155 987 1218 enim
1009 1154 1039 1218 si
1059 1157 1204 1236 spectes,
1219 1154 1349 1235 absque

254 1257 327 1323 ulla
341 1260 594 1343 comparatione
615 1257 865 1342 prestantiores
880 1255 923 1320 ab
937 1255 991 1319 his
1006 1255 1245 1337 scriptoribus,
1262 1255 1349 1318 divi-

253 1378 297 1424 no
314 1360 413 1425 Fidei
433 1361 557 1426 lumine
577 1361 766 1444 perfusis,e
787 1358 967 1423 Sacrorum
989 1356 1171 1421 Literarum
1191 1355 1350 1420 thesauro

253 1462 475 1544 proferuntur,
485 1483 586 1546 quam
604 1478 682 1545 quae
696 1460 837 1545 proferri
850 1461 893 1524 ab
908 1459 984 1522 ullis
998 1456 1206 1521 ethnicorum
1228 1465 1350 1539 potue·

253 1564 330 1643 rint,
347 1565 404 1648 qui
426 1566 640 1648 quantumvis
663 1565 741 1629 licet
761 1561 940 1627 illuminati
952 1559 1155 1637 viderentur,
1174 1565 1349 1626 caecosta·

253 1685 330 1730 men
343 1665 459 1745 luisse,
473 1685 513 1731 ac
528 1667 563 1730 in
578 1666 724 1730 tenebris
737 1665 926 1729 ambulasse
939 1661 1077 1727 Veritas
1099 1662 1177 1744 ipsa
1199 1665 1347 1726 testatur.

253 1751 335 1832 Luc.
353 1765 375 1831 ι’.
389 1767 445 1833 79.
489 1764 545 1831 Ad
568 1765 654 1844 haec,
678 1785 754 1830 cum
778 1763 974 1829 Christianis
991 1762 1104 1840 rebus,
1120 1759 1348 1827 Romanorum

253 1881 399 1953 quoqne,
413 1868 621 1950 aliarumque
643 1868 786 1950 gentium
810 1864 940 1949 antiqui
956 1865 1052 1943 ritus,
1068 1863 1349 1947 Philosophorum

253 1979 357 2034 sectae
372 1989 412 2035 ac
426 1970 563 2054 placita,
585 1969 620 2032 in
640 1967 694 2032 his
710 1973 896 2032 nostrornm
916 1961 1024 2044 libris,
1045 1964 1223 2030 luculentis
1237 1966 1348 2032 verbis

252 2075 541 2154 repraesentantur,
564 2075 600 2134 ut
621 2070 680 2154 qui
702 2067 840 2133 eosdem
860 2074 986 2132 attento
1002 2068 1115 2132 animo
1129 2065 1256 2148 legerit,
1273 2065 1348 2148 plu·

250 2171 369 2236 limum
383 2189 420 2234 se
434 2169 619 2254 profecisse
633 2171 752 2235 sentiet
766 2169 860 2233 iniis
875 2166 978 2234 etiam
1000 2168 1120 2247 literis,
1138 2188 1214 2252 quae
1226 2167 1349 2252 jurant

228 2277 234 2286 ’
252 2276 285 2335 et
299 2275 416 2334 ornant
437 2270 596 2335 universa
618 2269 872 2354 disciplinarum
897 2269 1025 2350 studia3
1050 2270 1142 2354 quod
1156 2269 1287 2334 tandem
1303 2267 1348 2334 ad

251 2371 425 2435 verborum
450 2372 628 2454 puritatem
650 2379 752 2455 atque
774 2371 971 2454 elegantiam
996 2372 1127 2450 attinet,
1149 2371 1234 2436 nulli
1257 2377 1347 2436 certe

251 2473 464 2557 profanorum
488 2473 624 2539 secundi
644 2473 847 2557 reperientur
860 2473 904 2537 ab
918 2473 973 2552 iis,
989 2475 1047 2558 qui
1060 2474 1103 2538 ad
1118 2493 1176 2539 eos
1190 2473 1348 2556 legendos

252 2575 397 2639 animum
414 2596 437 2640 a
457 2570 689 2660 praejudicatis
710 2576 930 2660 opinionibus
954 2594 1098 2640 vacuum
1122 2576 1347 2642 traduxerint:

252 2698 293 2743 ec
310 2672 340 2743 si
354 2677 435 2761 quid
445 2679 548 2743 etiam
559 2677 1000 2756 desideraretur,‘reminisci
1013 2685 1181 2762 oporteret
1190 2676 1245 2742 vel
1255 2678 1347 2743 illius

252 2779 452 2859 Quintiliani
466 2781 596 2859 moniti,
613 2800 681 2864 quo
697 2779 882 2846 curandum
899 2779 934 2843 in
958 2779 1074 2863 primis
1089 2779 1178 2843 ait:¹
1200 2774 1276 2843 ‘Ut
1296 2786 1348 2844 te·

250 2900 338 2946 neree
369 2881 633 2947 adolescentium
655 2887 798 2960 mentes,
820 2884 1042 2965 tracturaeque
1062 2878 1161 2944 altius
1184 2879 1347 2964 quicquid

250 2982 389 3048 rudibus
401 2992 433 3048 et
447 2985 590 3050 omnium
605 2984 730 3067 ignaris
742 2984 913 3061 insederit,
928 2996 994 3046 non
1007 2982 1110 3046 modo
1122 3002 1200 3066 quae
1212 2980 1347 3062 diserta,

251 3082 313 3150 sod
342 3085 397 3151 vel
419 3085 525 3169 magis
548 3106 624 3169 quae
646 3088 785 3151 honesta
813 3092 901 3164 sunt,
928 3084 1082 3150 discant?
1125 3085 1194 3149 Sed
1216 3084 1259 3148 de
1280 3084 1347 3150 hoc

250 3186 383 3252 videant
403 3189 452 3272 pii
477 3189 713 3272 sapientesque
736 3184 984 3271 gymnasiorum
1005 3186 1243 3263 moderatores,
1267 3187 1349 3253 etii

250 3289 375 3371 quibus
391 3306 470 3353 cura
483 3286 672 3354 erudiendae
688 3288 875 3373 juventutis
896 3288 1080 3353 incumbit³
1126 3286 1201 3375 Nos
1215 3286 1347 3352 iuterim

251 3395 448 3472 susceptum
477 3388 691 3457 Praelationis
720 3410 807 3477 opus
835 3408 1087 3477 prosequamur,
1109 3391 1145 3453 in
1167 3408 1246 3472 qna,
1271 3389 1347 3454 Deo

251 3490 360 3570 dante,
375 3504 442 3556 nou
454 3490 689 3576 perfunctorie,
704 3498 741 3558 nt
756 3496 943 3578 superiores
958 3490 1128 3571 Editoros,
1151 3492 1210 3557 sed
1228 3510 1348 3575 opero·

250 3592 323 3657 sius
339 3590 524 3676 aliquanto,
537 3594 738 3679 pleniusque
749 3594 972 3661 disseremus:
996 3594 1143 3660 DeVita
1154 3593 1347 3659 Prudentii:

283 3740 346 3791 lln
372 3742 460 3793 libello
478 3743 591 3793 Basileus
614 3757 711 3794 excuso
737 3758 780 3795 an.
851 3745 973 3796 tlnstit.
984 3760 1006 3795 r.
1018 3748 1061 3796 14.

250 3821 379 3883 imque
391 3819 778 3881 continenturJuveneiPrerb.
850 3824 865 3872 8
881 3822 910 3871 si
920 3822 963 3871 cui
979 3821 1113 3871 consilinm
1123 3818 1173 3871 hoc
1183 3820 1347 3885 preberetur,

249 3890 296 3944 lib.
315 3895 387 3943 tres‘
401 3896 443 3945 De
464 3894 533 3947 Hist.
549 3892 667 3960 Eurum?
684 3892 778 3945 Arato·
818 3897 842 3946 ei
853 3912 887 3947 ex
897 3897 1015 3947 omuibus
1027 3896 1119 3947 Poiitae
1132 3896 1253 3961 operibns
1263 3894 1348 3946 fecili-

249 3968 285 4018 rir
304 3968 349 4019 lib.
360 3982 392 4020 rr.
405 3970 580 4035 Actdpost,
595 3978 623 4022 et
636 3970 777 4027 Prudentii
817 3988 872 4036 cra,
889 3981 918 4023 et
936 3973 971 4023 ed
989 3987 1127 4037 puerorum
1144 3979 1249 4037 captum
1265 3973 1346 4035 magis

248 4038 382 4095 Euchirid.
401 4049 567 4117 seuDyptic.
589 4050 776 4099 annuntiantur
816 4048 1010 4099 accommodate
1026 4048 1162 4112 seligenda
1175 4047 1270 4107 forem,
1281 4055 1347 4097 nte.

249 4120 342 4183 inipso
351 4121 426 4170 titulo
437 4129 559 4185 tauquam
568 4124 682 4175 ‘schole
688 4124 775 4176 Chris·
816 4138 841 4187 g.
851 4122 1052 4174 Cathemerinon
1063 4123 1138 4187 liber,
1147 4120 1343 4187 Prycomnchiu,

251 4194 329 4245 tiene
340 4196 478 4247 necessarii
488 4196 584 4249 libelli:
817 4198 857 4247 rel
867 4196 947 4248 etiem
959 4198 1059 4265 eliquot
1068 4198 1217 4264 Perirtcph.
1230 4196 1338 4262 Hymni.
