3034 4900
603 381 811 430 rnnrurro.
1209 368 1254 434 43

150 527 264 604 ambo,
285 543 373 609 quos
394 530 474 609 post
494 523 593 609 hujus
617 525 734 590 sarculi
757 525 913 601 medium,
935 527 1113 593 immatura
1147 536 1258 595 morte

152 630 226 695 cilo
247 628 346 692 nimis
368 633 513 711 ereptos,
537 627 749 692 vehementer
772 627 881 692 doluit
903 649 979 693 cnm
1000 628 1150 697 Oratorii
1166 632 1255 698 Cou-

153 731 319 814 gregntio,
334 737 403 796 tum
417 730 592 795 universus
605 730 776 794 literarius
791 730 893 794 orbis.
937 731 1001 795 Ille
1015 732 1057 796 (le
1067 753 1157 798 nova
1170 734 1255 800 Pru·

154 834 261 899 dentii
282 833 439 899 Editione
458 833 635 916 cogitans,4
649 833 761 897 omnia
775 831 897 899 Pottae
913 832 1040 916 Opera,
1056 843 1177 918 praeter
1192 836 1256 900 Pe-

156 937 381 1020 ristephanon,
411 955 487 1000 cum
515 935 623 998 tribus
651 931 730 998 vat.
758 931 875 998 codic.
901 935 1001 999 bouis
1032 937 1158 1020 utique,
1190 957 1256 1002 nou

157 1045 271 1104 tamen
294 1037 591 1122 praestantioribus,
618 1034 816 1112 contulerat,
846 1054 886 1100 ac
910 1035 1092 1103 Variantes
1121 1044 1256 1104 annota-

159 1149 269 1218 verat,
283 1159 358 1223 quae
381 1139 462 1203 mihi
485 1139 751 1212 communicatae,
772 1138 958 1221 improbum
973 1141 1256 1206 molestissimum·

159 1263 227 1326 que
261 1241 446 1308 conferendi
467 1241 617 1305 laborem
639 1241 849 1320 minueruut3
872 1260 949 1306 cum
972 1243 1061 1305 enim
1090 1243 1142 1307 vir
1161 1253 1255 1310 esset

162 1345 312 1409 omnium
334 1343 622 1426 diligentissimus,
642 1349 768 1407 cuncta
788 1341 931 1408 fideliter
952 1348 1175 1429 accurateque
1200 1365 1258 1409 an·

161 1455 303 1512 notasse
326 1446 545 1511 dubitandum
560 1450 723 1510 nouerat.
768 1443 810 1510 P.
827 1448 936 1509 antem
952 1444 1110 1523 aPuleo,
1127 1466 1201 1511 cum
1222 1456 1257 1512 et

161 1549 237 1633 ipse
261 1549 433 1615 Prudentii
454 1547 566 1631 Opera
588 1547 679 1632 typis
701 1548 912 1612 committere
933 1547 1145 1627 decrevisset,
1165 1550 1259 1633 quod

166 1669 266 1715 suum
287 1650 463 1715 consilium
488 1649 580 1712 edito
604 1647 646 1712 de
671 1647 707 1712 S.
730 1649 911 1713 Laurentio
937 1650 1103 1732 opusculo
1128 1651 1259 1734 patefe-

164 1762 269 1830 cerat,
293 1752 533 1835 multiplicibus
556 1750 647 1814 adid
663 1748 782 1815 Poiitae
800 1750 1012 1828 editionibus,
1035 1752 1146 1835 iisque
1160 1753 1261 1818 raris·

168 1855 264 1920 simis
292 1854 508 1938 comparatis,
531 1853 695 1938 quasdam
716 1854 750 1917 in
773 1851 1026 1921 Cathemerinon
1047 1855 1183 1920 notulas
1210 1855 1260 1919 iu-

166 1959 358 2033 choarerat,
386 1958 450 2022 hoc
479 1976 613 2041 quoquo
636 1955 845 2034 adumbrato,
870 1974 972 2039 quem
1001 1959 1103 2034 tenui,
1132 1958 1262 2022 Praesa-

165 2059 269 2124 tionis
298 2059 423 2124 ordine.
468 2058 600 2122 Horum
627 2057 774 2121 omnium
804 2055 916 2120 factus
940 2076 1002 2139 ego
1025 2059 1205 2141 particeps,
1228 2067 1261 2125 ct

166 2162 309 2246 primum
334 2161 376 2226 de
403 2161 589 2227 Christiano
617 2158 728 2224 Poeta
755 2156 887 2221 edendo
921 2157 1099 2221 consilium
1127 2159 1198 2236 inii,
1227 2167 1261 2224 ct

166 2263 287 2328 iisdem
298 2264 407 2346 copiis
421 2262 565 2348 adjutus,
579 2261 749 2344 inceptum
771 2277 859 2342 opus
882 2259 925 2322 ad
948 2259 1045 2324 finem
1066 2278 1174 2343 usque
1188 2280 1262 2344 per·

168 2366 263 2431 duxi.
307 2364 422 2444 Quare
445 2367 475 2429 si
498 2363 634 2448 aliquod
649 2383 692 2428 ex
708 2379 762 2439 eo,
784 2365 823 2424 ut
844 2380 979 2443 sperare
992 2362 1083 2438 licet,
1098 2362 1262 2428 bonarum

166 2470 333 2534 literarum
348 2473 512 2533 amatores
534 2466 746 2531 commodum
761 2465 961 2548 percipient,
973 2466 1015 2529 iis
1028 2464 1140 2531 referri
1154 2469 1262 2552 potis·

169 2571 292 2636 simum
306 2570 416 2635 debet.
459 2568 497 2633 Si
518 2568 661 2633 enimin
683 2566 770 2641 haec,
793 2584 868 2648 quae
889 2572 1007 2648 parata
1028 2569 1071 2632 ab
1092 2569 1179 2650 ipsis
1193 2568 1264 2634 sne-

169 2681 255 2752 rant,
270 2690 335 2736 non
349 2670 553 2749 incidissem,
567 2668 610 2734 da
623 2665 855 2751 hujuscemodi
876 2686 910 2731 ro
931 2686 1102 2750 nunquam
1121 2670 1265 2735 forsitan

169 2776 384 2860 cogitassem.

170 2972 265 3020 nempe
275 2960 283 2986 ‘
292 2956 453 3007 Memorlerll
464 2958 491 3007 S.
500 2958 616 3007 Lorenro
627 2958 696 3007 llar-
737 2959 784 3009 ss.
798 2958 905 3008 Parrum
925 2955 1061 3019 Opnscnlr
1076 2954 1109 3004 de
1127 2954 1266 3004 Sacrorum

171 3035 238 3087 tire!
257 3034 341 3084 Roma
351 3038 422 3085 1⁷56.
436 3034 550 3083 ‘latoria
560 3032 698 3085 dellaVita
738 3034 918 3084 Ministrornru
946 3030 1056 3082 Officiis.
1079 3032 1166 3081 Roma
1193 3034 1267 3081 ltol.

171 3107 356 3160 rPoutificrto
366 3110 392 3158 di
408 3110 436 3159 S.
453 3108 578 3172 Gregorio
595 3109 633 3158 M.
651 3123 699 3158 con
739 3117 759 3160 t.
773 3124 806 3159 rr.
816 3113 841 3159 8.
853 3108 930 3173 Apud
944 3108 1028 3157 Mure.
1043 3105 1217 3157 Palesriunm.

172 3201 207 3235 rur
233 3188 435 3251 llrgiourmeuto
462 3202 540 3250 roprr
565 3188 600 3251 gli
621 3186 697 3250 studj
772 3184 904 3235 thihello
921 3182 1039 3235 Oarion.
1056 3183 1266 3238 Ecclesimticot.

173 3261 366 3317 Ecclesiastici'
386 3262 468 3315 Romo
479 3266 551 3315 uos.
563 3265 587 3312 l.
596 3262 701 3315 selecta
740 3259 857 3315 officior.
865 3260 1005 3329 Gor-Hisp.
1016 3273 1043 3325 p.
1054 3262 1111 3312 tut.
