3034 4900
584 397 794 449 pensauro.
1190 388 1235 455 31

140 539 203 602 hus
232 539 372 617 usitato,
395 541 539 604 animam
563 548 667 604 vocat
696 542 792 606 ‘oris
821 539 885 607 Dei
910 559 1008 625 opus,
1035 540 1137 606 dante
1159 545 1234 611 Deo

141 642 378 723 compositum,
393 660 582 726 superoque
597 641 704 706 fluens
719 643 759 706 de
784 642 872 708 solio
897 641 1008 707 Patris
1021 643 1176 722 artificis,'
1189 647 1234 711 ad

141 759 239 824 quam
252 743 398 808 resoluto
414 762 550 826 corpore
562 744 740 822 revolabit,
758 743 877 808 Perist
888 744 1014 826 Hymn-
1024 760 1063 808 x.
1079 764 1146 811 uss.
1156 748 1233 814 533.

142 841 243 919 Haec,
257 843 406 924 inquam,
419 843 604 926 similiaque
629 845 731 908 multa
752 846 980 928 praetermitto,
1003 853 1040 911 ut
1058 845 1103 910 iis
1117 846 1233 914 locum

140 942 274 1020 faciam,
289 963 365 1026 qum
381 943 507 1026 Hymn.
529 945 564 1008 S.
581 943 727 1010 Romani
743 966 796 1011 vs.
814 945 890 1011 436.
906 953 941 1010 et
955 965 1048 1029 seqq.
1062 947 1231 1015 hahentur.

140 1043 181 1108 In
194 1045 238 1108 iis
251 1045 340 1109 enim
353 1046 556 1128 spiritualem
571 1046 702 1112 Animm
725 1054 876 1112 naturam
891 1066 913 1112 a
926 1067 1065 1131 corpore
1077 1054 1148 1115 toto
1163 1045 1233 1116 coel

140 1145 173 1210 lo
188 1144 358 1210 diversam
373 1146 488 1210 dedite
503 1166 608 1230 opera
633 1155 784 1212 astruere
806 1148 881 1231 ipse
896 1147 1040 1213 videtur.
1085 1149 1154 1216 Hic
1173 1155 1233 1236 pia

140 1243 300 1328 Martyris
322 1245 467 1312 Romani
483 1267 543 1331 pru
566 1248 781 1331 Imperatoris
806 1250 915 1315 salute
930 1257 1012 1315 vota
1024 1261 1232 1335 promuntur,

139 1347 310 1425 tidehcet,
323 1356 362 1414 nt
385 1347 554 1414 idolorum
575 1358 713 1433 respuat
736 1350 922 1434 caliginem,
945 1350 1072 1418 Christi
1085 1353 1232 1437 lymphis

139 1454 177 1513 ut
195 1457 398 1526 renascatur,
414 1470 455 1516 ac
478 1457 608 1517 aeternae
628 1453 702 1534 spei
724 1452 836 1516 lumen
855 1459 979 1529 cernat,
1002 1454 1092 1536 qnod
1114 1454 1230 1536 utique

138 1548 245 1614 lumen
270 1571 337 1617 non
365 1553 515 1635 corporis
538 1552 659 1630 oculis,
683 1553 745 1617 sed
771 1553 890 1617 mentis
912 1554 986 1618 acie
1020 1554 1229 1638 perspicitur.

139 1651 226 1716 Turn
238 1654 287 1717 ita
300 1655 513 1739 prosequitur
536 1676 545 1719 :

225 1779 363 1864 Pupilla
377 1781 486 1846 carnis
501 1799 613 1845 crassa
628 1799 778 1846 crassum
789 1782 967 1866 perspicit3

228 1881 268 1948 Et
283 1903 335 1947 res
349 1882 480 1947 caduca
494 1884 585 1967 quod
601 1883 830 1950 resolvendum
845 1891 909 1960 est,
924 1884 1036 1949 videt:

224 1981 376 2066 liquidis
389 1983 542 2048 videndis
557 1991 659 2069 aptus
674 1991 726 2050 est
741 1985 863 2050 animae
877 1984 1006 2067 liquor!

139 2118 242 2185 Hand
257 2121 381 2203 aptior,
396 2127 433 2186 ut
446 2130 540 2206 puto,
561 2121 658 2187 locus
673 2121 752 2204 fingi
773 2126 904 2204 poterat
918 2119 961 2184 ad
977 2120 1229 2198 ostendendum,

139 2242 239 2306 quam
261 2223 381 2288 animae
405 2223 635 2307 spiritualitati
658 2221 842 2288 timendum
865 2221 962 2285 nohis
984 2222 1116 2301 nonsit,
1131 2243 1230 2288 exeo

137 2323 228 2407 quod
248 2343 322 2388 eam
344 2322 506 2407 liquidum
527 2324 697 2407 liquorem,
722 2321 886 2405 liquidam
912 2327 1063 2387 naturam
1078 2342 1100 2386 a
1120 2323 1230 2390 Poita

135 2433 251 2491 nostro
280 2426 443 2511 appellari
467 2425 652 2509 frequenter
676 2424 837 2490 audimus.
881 2423 1040 2508 Ejusdem
1062 2425 1148 2489 enim
1174 2425 1229 2492 hic

12 2572 13 2583 r
135 2526 256 2592 animae
270 2527 379 2611 liquor
392 2537 522 2594 naturae
547 2532 592 2594 sit
611 2536 752 2613 oportet,
768 2547 809 2592 ac
832 2547 872 2592 ea
885 2527 1025 2611 liquida,
1039 2528 1162 2611 quihus
1178 2530 1230 2592 vi·

134 2627 255 2692 dendis
277 2629 419 2694 idoneus
442 2638 610 2715 aptusque
632 2638 693 2694 est.
738 2629 817 2694 Jam
839 2649 920 2695 vero
942 2648 983 2693 ea
996 2628 1138 2713 liquida,
1153 2629 1230 2711 ipsa

135 2738 217 2794 sunt
247 2732 438 2813 purissima,
467 2752 508 2798 ac
537 2733 792 2816 simplicissima
821 2730 1019 2796 Christianae
1042 2730 1228 2811 Religionis

134 2830 304 2913 dogmata,
319 2852 459 2916 quorum
478 2833 783 2898 manifestationem
807 2832 1006 2915 Imperatori
1031 2838 1229 2913 auguratur3

133 2950 213 3013 ergo
229 2934 259 2998 is
274 2936 375 2998 ctiam
396 2936 515 3000 animae
541 2935 654 3018 liquor
675 2935 768 3000 aliud
792 2934 874 2999 nihil
897 2940 959 3009 est,
984 2951 1084 3014 quam
1108 2934 1228 3006 animae

133 3036 278 3117 puritas,
295 3038 441 3115 claritas,
464 3038 660 3121 simplicitas
687 3037 730 3099 ah
756 3038 845 3099 omni
869 3052 1011 3117 corpore
1026 3031 1229 3116 materiaque

132 3135 325 3214 abhorrens,
340 3158 380 3202 ac
395 3139 588 3221 longissime
607 3136 747 3201 distans.
791 3133 945 3199 Tandem
967 3133 1045 3215 quis
1070 3150 1228 3215 unquam,

131 3237 236 3302 modo
262 3258 354 3303 sanae
378 3240 498 3303 mentis
524 3240 581 3315 sit,
606 3236 798 3313 somniahit,
824 3233 1045 3299 Prudentium
1063 3252 1106 3297 ne
1121 3232 1228 3299 Deum

131 3337 271 3421 quidem
286 3341 397 3422 ipsum
412 3343 640 3422 incorporeum
663 3338 979 3417 immaterialemque
992 3334 1162 3412 hahuisse,
1178 3335 1229 3399 nti

133 3438 222 3504 Eum
249 3441 430 3507 innumeris
453 3442 537 3505 locis
559 3440 719 3523 appellat,
744 3457 786 3503 ac
811 3438 877 3501 loc.
893 3435 996 3520 paulo
1020 3438 1096 3499 ante
1118 3437 1176 3500 cit.
1192 3438 1226 3498 in

132 3542 325 3626 Symmach.
343 3559 382 3606 11.
398 3542 497 3607 leot
521 3542 564 3607 Et
579 3550 689 3606 tamen
704 3539 894 3624 Apotheos.
909 3556 959 3601 vs.
974 3536 1049 3600 194.
1064 3536 1228 3619 Spiritum

12 3710 13 3713 ,
133 3644 170 3708 S.
184 3644 355 3727 liquidum
370 3643 538 3726 appellare
557 3661 624 3705 non
639 3641 782 3718 dubitat,
802 3640 1013 3721 animamque
1028 3638 1061 3700 ei
1081 3637 1226 3699 similem

132 3746 215 3810 dicit
227 3745 293 3809 hoc
305 3745 381 3828 ipso
396 3744 454 3808 lib.
471 3764 521 3809 vs.
543 3745 619 3809 790.
663 3741 806 3821 Quaevis
819 3741 920 3825 igitur
933 3738 975 3802 de
989 3734 1100 3801 Poeta
1113 3743 1227 3801 nostro

132 3866 197 3911 non
212 3849 301 3924 hene
315 3846 357 3910 de
372 3846 556 3911 animarum
570 3855 691 3909 natura
702 3846 865 3909 sentiente
881 3840 1033 3921 suspicio
1045 3835 1225 3922 rejicienda

12 3990 13 3993 =
133 3948 265 4030 penitus
279 3951 314 4009 et
328 3945 524 4029 deponenda
537 3953 609 4025 est3
632 3966 673 4011 ac
690 3943 892 4029 quibusdam
903 3941 979 4005 aliis
995 3937 1091 4014 locis,
1105 3936 1140 4000 in
1152 3940 1226 4021 qni-

132 4050 194 4115 bus
211 4068 290 4113 curn
303 4048 480 4114 Lactantio
490 4056 516 4098 ¹⁹
543 4050 687 4111 animam
702 4046 899 4109 elementum
914 4040 969 4105 vel
983 4038 1091 4121 ignem
1106 4038 1224 4123 appel·

511 4206 544 4253 1⁹
561 4202 602 4251 De
614 4200 678 4251 falsa
688 4199 749 4264 Sep.
760 4210 803 4248 nr.
824 4199 849 4245 ti.
