3034 4900
275 357 320 426 32
719 370 926 422 ruarmo.

275 517 337 595 lut,
350 515 497 596 benigna
522 513 711 579 adhihenda
734 516 980 600 interpretatio:
1009 513 1092 580 illud
1112 516 1293 584 identidem
1315 537 1369 584 re-

276 617 474 699 cogitantes,
489 614 630 680 Podtam
643 636 722 682 eum
735 617 853 695 fnisse,
869 636 922 695 ac,
942 625 981 682 nt
992 618 1112 682 ceteris
1127 618 1271 701 poeticae
1284 622 1368 685 artis

276 719 459 786 cultoribus
469 738 542 784 mos
556 724 621 795 ast,
631 737 698 782 non
714 725 843 784 tuntum
859 719 892 782 iu
906 719 1029 795 verbis,
1044 720 1102 784 sed
1117 719 1268 786 iurabas
1282 741 1369 805 quo-

277 835 342 903 que
361 820 531 884 licentiam
545 820 609 883 sihi
633 819 798 884 interdum
815 820 989 884 sumsisse.
1034 820 1097 884 Cui
1112 840 1194 886 sane
1207 823 1368 901 licentiae,

274 922 356 990 nihil
370 927 406 986 ut
420 921 681 999 dissimulemus,
705 921 867 986 nonnulla
889 921 1033 1004 receptis
1057 922 1091 984 iu
1115 921 1271 987 Ecclesia
1290 943 1369 989 sen·

275 1024 386 1088 tentiis
410 1042 476 1088 non
499 1022 631 1087 omnino
654 1023 837 1088 conformia
859 1023 1059 1088 ascdbendu
1078 1043 1156 1086 esse
1189 1030 1369 1107 putamus3

276 1131 315 1190 ut
330 1145 407 1190 cum
433 1145 463 1190 e.
478 1144 510 1207 g.
541 1123 730 1190 Cathemer.
756 1123 884 1206 Hymn.
909 1141 977 1189 v11.
996 1123 1140 1189 Joannis
1164 1127 1368 1210 baptismum

278 1226 402 1291 Christi
423 1226 592 1310 baptismo
616 1226 747 1309 aequale
774 1224 865 1303 facit,
894 1234 1027 1290 etcum
1061 1223 1198 1308 Angelis
1224 1245 1370 1310 corpora

277 1327 394 1392 tribuit
408 1325 517 1392 aiiria:
538 1328 679 1394 letemur
698 1347 846 1413 quoque,
860 1327 897 1391 in
909 1346 1011 1391 unum
1032 1325 1189 1391 historias
1203 1328 1299 1411 longe
1315 1329 1370 1393 di·

277 1449 393 1496 versas
416 1429 460 1494 ah
473 1449 514 1494 eo
529 1430 693 1495 interdum
707 1428 878 1505 conlundi,
893 1447 957 1492 nec
973 1427 1201 1492 omnimodam
1215 1429 1369 1513 physicis

276 1531 312 1596 in
325 1533 424 1596 robus
443 1533 595 1615 peritiam
610 1550 739 1616 semper
754 1531 942 1608 ostendere,
955 1536 1056 1614 prout
1077 1530 1149 1594 suis
1162 1529 1250 1595 locis
1266 1549 1370 1596 anno-

278 1640 383 1702 tatum
399 1635 533 1700 anobis
552 1641 614 1698 est.
659 1632 738 1698 Hoc
762 1633 891 1697 interim
918 1631 1084 1711 dicimus3
1115 1632 1271 1696 universa
1292 1632 1369 1699 hoec

277 1754 496 1822 quaecumque
524 1735 583 1799 illa
606 1735 685 1812 sint,
708 1740 778 1800 tam
806 1735 922 1817 exigui
949 1733 1105 1798 momenti
1133 1733 1208 1797 visu
1235 1752 1372 1816 semper

276 1840 393 1915 luisse,
411 1841 448 1900 ut
462 1837 497 1900 in
519 1834 729 1900 Bibliotheca
749 1836 886 1900 Patrum
902 1832 1082 1898 Prudentia
1096 1831 1195 1896 locus
1211 1834 1370 1898 attribue-

277 1947 377 2015 retur,
392 1935 528 2021 ejusque
542 1936 689 2000 carmina
702 1935 804 2020 digna
817 1936 942 2014 habita,
955 1954 1032 2018 quae
1047 1935 1082 1998 in
1093 1935 1291 2016 quotidiana
1308 1935 1370 1999 Di-

277 2042 346 2107 vini
360 2037 473 2104 Officii
488 2036 686 2101 recitatione
710 2037 913 2118 legerentur;
944 2054 1005 2100 uec
1028 2034 1188 2099 Erasmus
1207 2043 1370 2102 emunctae

278 2142 379 2217 narie,
395 2138 682 2222 severissimaeque
699 2137 831 2202 critices
853 2137 916 2214 vir,
932 2155 1100 2220 quemque
1120 2138 1155 2200 in
1179 2128 1378 2201 Ecclesias-'

279 2243 354 2306 ticis
369 2240 595 2323 Scriptoribus
609 2238 788 2303 laudandis
803 2238 916 2301 nimiae
932 2237 1145 2320 indulgentiae
1160 2236 1273 2300 nullus
1287 2237 1371 2300 insi·

278 2339 429 2417 mulabit,
445 2341 656 2423 pronuntiare
673 2340 876 2403 dubitaverit
886 2346 915 2376 ²⁰
928 2339 1016 2403 inter
1025 2337 1238 2420 gravissimos
1252 2336 1371 2401 Eccle-

279 2443 340 2507 siae
357 2442 527 2507 Doctores
541 2440 759 2506 Prudentium
770 2440 935 2505 recenseri
944 2440 1084 2519 dehere3
1107 2459 1260 2522 eumque,
1276 2440 1370 2522 quod

277 2562 339 2625 ogo
352 2543 490 2607 maximi
509 2540 613 2621 facio,
638 2548 799 2626 tanquam
822 2542 986 2624 optimum
1010 2540 1143 2605 Sacrar.
1169 2541 1369 2623 Scripturar.

278 2647 483 2729 interpretem
498 2652 675 2710 veneratus
689 2649 740 2709 est
765 2644 953 2708 doctissim.
977 2642 1104 2720 listins,
1119 2662 1160 2708 ac
1180 2642 1252 2726 ejus
1277 2663 1370 2707 men-

278 2754 355 2823 tem,
370 2746 552 2828 frequenter
563 2753 745 2811 ceterorum
761 2747 908 2810 omnium
924 2744 1065 2807 Patrum
1079 2749 1147 2808 tam
1161 2742 1369 2824 Graecorum,

279 2865 378 2932 quam
395 2846 589 2910 Latinorum
603 2848 716 2913 sensui
730 2848 864 2930 praefert
878 2847 912 2910 in
929 2847 1062 2928 egregio
1077 2867 1138 2911 suo
1152 2845 1371 2930 Apostolica-

279 2967 350 3011 rum
366 2948 590 3030 Epistularum
606 2946 851 3012 Commentario
873 2948 1026 3031 pluribus
1041 2948 1139 3023 locis,
1154 2948 1213 3013 sed
1229 2966 1369 3032 praeser-

279 3054 338 3117 tim
356 3047 399 3112 ad
416 3046 537 3132 Ephes.
554 3068 584 3113 c.
600 3066 653 3113 vr.
667 3056 700 3115 et
714 3048 758 3114 ad
774 3048 884 3114 Hebr.
900 3069 930 3113 c.
947 3065 1015 3114 vn.

707 3278 868 3344 carun
889 3278 955 3344 1v.

565 3402 617 3492 De
634 3426 711 3492 Ma.
727 3425 898 3492 Prudente·
916 3424 1089 3492 conotus.

280 3592 402 3657 lurra
420 3591 595 3658 Prudentii
621 3594 789 3674 Editores,
813 3597 858 3660 oh
883 3594 1079 3678 singidunum
1109 3594 1144 3657 in
1165 3583 1371 3656 restituenda

279 3693 422 3759 lectione
437 3693 643 3776 diligentiam
658 3696 702 3761 ad
725 3694 1030 3780 Manuscriptorum
1051 3693 1161 3771 fidem,
1184 3712 1255 3775 prae
1279 3698 1370 3755 cete·

278 3794 324 3857 ris
337 3793 511 3859 laudantur
523 3793 691 3859 Wcitzius
712 3795 826 3873 Joau,
840 3802 874 3861 et
887 3795 1054 3861 Nicolaus
1079 3795 1254 3859 Heinsius.
1299 3791 1372 3871 Qui

279 3894 364 3957 euim
380 3902 462 3976 post
475 3895 571 3979 ipsos
586 3895 759 3961 Prudentii
773 3896 939 3961 editiones
959 3902 1112 3962 curarunt
1125 3897 1166 3960 P.
1180 3896 1371 3978 Stephanus

280 3992 537 4077 Chumillardus‚
549 4005 587 4062 et
601 3997 792 4083 christoph
814 3996 987 4074 Cellarius,
1008 3998 1105 4062 nullis
1120 4016 1157 4061 se
1172 4015 1254 4061 usos
1268 3992 1371 4058 Codi-

537 4178 570 4223 uu
586 4176 732 4231 Commeat.
743 4177 770 4228 lu
778 4175 875 4240 ΗΜ.
884 4175 918 4225 de
927 4176 991 4228 list.
999 4174 1112 4225 Domini.
