3034 4900
371 433 374 441 .
454 387 730 442 nsrtaassssnn
752 388 876 444 nunti.
898 395 924 443 1.
1172 379 1237 450 lar

326 603 543 658 ABMONl'l'lo
566 602 607 652 IN
632 601 805 652 HYMntJtt
825 599 1066 683 saeuiturum.

519 723 577 804 [Er
590 721 640 784 ed.
656 722 754 782 Parm.
769 722 871 800 17880]

141 849 346 914 isuenruau
371 852 478 914 avitis
501 843 624 913 eruditis
646 851 834 912 observatum
855 859 902 912 est
926 851 960 913 S.
984 849 1134 917 Laurentii
1148 848 1236 928 Aeta,

142 947 242 1028 qualia
265 949 357 1030 vulgo
378 947 634 1020 circumferuntur,
661 947 765 1008 vitiata
786 964 870 1016 esse;
893 947 946 1008 sed
966 963 1027 1009 non
1047 961 1095 1012 est
1114 968 1168 1012 cur
1186 951 1238 1012 illa

141 1065 323 1126 magnopere
337 1045 559 1112 desideremus;
581 1053 697 1104 certant
719 1045 807 1116 enim,
822 1053 930 1124 praeter
943 1043 1147 1122 Prudentium,
1162 1047 1239 1109 antl-

142 1141 194 1221 qui
217 1141 361 1202 Ecclesiae
387 1141 490 1201 Patres
515 1149 604 1222 atque
627 1140 791 1219 Scriptores
811 1138 841 1198 in
869 1138 1048 1220 celebranda
1069 1143 1240 1206 Beatissimi

140 1237 230 1318 hujus
246 1238 386 1319 Martyris
407 1235 558 1298 memoria.
600 1235 758 1296 Innumero
772 1227 860 1296 de'eo
873 1237 996 1316 proferri
1007 1250 1132 1318 possent
1144 1241 1239 1303 Sauo·

141 1345 239 1396 torum
264 1335 421 1408 Ambrosii,
442 1333 611 1414 Augustini,
626 1333 707 1394 Petri
726 1333 915 1416 Chrysalogi,
930 1334 1054 1397 Maximi
1067 1336 1239 1412 Taurinam,

141 1431 267 1493 Damasi
281 1431 384 1514 Papae,
399 1429 535 1512 Gregorii
554 1429 610 1506 Μ.,
631 1429 813 1509 aliorumque
833 1430 1021 1500 testimouia3
1044 1433 1098 1492 sed
1120 1435 1239 1514 probis

141 1528 280 1590 omnibus
302 1528 430 1590 sufficiet
449 1528 554 1590 unicus
575 1527 607 1588 S.
622 1525 728 1588 Leonis
744 1525 788 1588 M.
802 1526 897 1604 loeus,
912 1525 1007 1610 quiin
1022 1527 1116 1590 Serra.
1129 1529 1167 1591 de
1180 1530 1239 1591 boc
1279 1580 1281 1583 .

142 1625 179 1688 B.
194 1625 327 1706 Martyrs
350 1627 411 1689 ait:
432 1625 481 1686 *A
502 1623 581 1686 Solis
605 1633 672 1686 ortu
696 1643 793 1704 usque
816 1623 856 1684 ad
876 1643 1018 1687 occasum
1044 1625 1239 1690 Leviticorum
1346 1613 1349 1617 ’

142 1721 297 1782 hominurn
311 1732 487 1783 coruscante
500 1721 626 1801 fulgore,
640 1739 728 1800 quam
742 1722 933 1782 clarificatam
945 1741 1014 1782 esse
1028 1723 1239 1805 lerosolymam

144 1817 308 1898 Stephano,
334 1828 395 1878 tam
417 1817 559 1878 illustrem
581 1817 690 1876 iactam
715 1815 807 1878 luisse
831 1818 958 1879 Romam
981 1819 1161 1882 Laurentio!
1201 1820 1240 1881 Bt

144 1933 216 1976 sane
239 1934 299 1974 non
322 1915 418 1976 solum
440 1915 519 1995 apud
544 1914 676 1986 Latinos,
700 1914 755 1976 sed
779 1915 869 1975 etiam
891 1915 973 1996 apud
988 1917 1110 1978 Graecos
1124 1919 1239 1978 celebre

143 2010 198 2072 suit
211 2012 299 2092 hujus
315 2013 347 2072 S.
363 2011 501 2093 Martyris
516 2032 625 2074 nomeu
647 2030 683 2072 ac
704 2011 824 2086 festum,
845 2012 926 2092 quod
949 2032 1009 2071 non
1031 2033 1119 2074 secus
1132 2033 1169 2074 ac
1183 2014 1240 2075 La·

144 2107 196 2170 tini
220 2109 409 2170 celebrabant
432 2107 616 2169 diedecima
638 2104 779 2186 Augusti.
822 2102 901 2176 Quin
922 2106 1011 2166 immo
1029 2107 1188 2168 Basilicam
1208 2108 1239 2169 iu

145 2204 208 2286 ejus
224 2205 366 2265 bonorem
382 2199 641 2284 Constantinopoli
655 2221 672 2264 a
687 2199 847 2262 Pulcheria
862 2203 996 2283 Augusta
1005 2215 1133 2264 erectam
1146 2205 1239 2265 fuisse

145 2301 235 2363 tradit
248 2301 420 2362 Theodorus
435 2301 529 2362 lector
541 2301 571 2369 iu
584 2301 724 2380 Excerpt.
739 2297 853 2359 Hister.
873 2295 957 2360 Ecel.
970 2299 1021 2360 lib.
1043 2321 1066 2363 1.
1109 2302 1186 2362 Nam
1201 2302 1239 2363 de

146 2397 316 2459 latinorum
336 2397 476 2460 Ecclesiis
496 2397 552 2459 sub
565 2396 684 2457 nomine
699 2395 730 2457 S.
745 2395 892 2457 Laurentii
906 2396 1069 2479 antiquitus
1083 2401 1240 2461 exstructis

145 2496 216 2557 nibil
245 2495 383 2569 dicimus,
409 2516 477 2557 cum
504 2497 589 2575 plura
613 2490 740 2554 dicenda
773 2492 880 2566 forent,
910 2512 999 2574 quam
1026 2515 1094 2575 qooe
1113 2497 1240 2558 instituti

145 2594 238 2653 nostri
252 2595 326 2653 ratio
340 2593 480 2672 patiatur.
519 2592 578 2652 Sed
601 2588 639 2652 de
661 2586 708 2662 iis,
731 2600 766 2650 ot
789 2590 877 2651 etiam
902 2590 941 2651 de
960 2591 1090 2671 reliquiis
1112 2593 1146 2652 B.
1162 2594 1239 2655 Lau-

122 2690 241 2761 -rcntii,
269 2688 390 2751 videndi
418 2688 563 2751 Batonius
591 2688 622 2748 iu
649 2688 720 2749 Not.
745 2687 784 2749 ad
807 2688 930 2769 Martyr.
946 2687 994 2749 die
1023 2691 1069 2747 10.
1090 2688 1238 2769 Augustiz

145 2786 283 2847 Ruiuart.
297 2786 327 2847 in
343 2788 411 2846 Act.
426 2787 573 2865 Martym
594 2794 625 2845 et
637 2784 806 2845 Tillemont.
831 2795 904 2845 tom.
928 2804 974 2844 ra.
1004 2785 1129 2845 Memor.
1143 2806 1174 2867 p.
1187 2788 1237 2847 39.

146 2882 190 2942 Ex
202 2882 339 2963 professo
352 2878 471 2963 quidem
487 2878 525 2943 de
538 2880 597 2943 hoe
613 2878 792 2941 Beatissimo
814 2878 945 2962 Martyre
958 2882 1092 2962 pluribus
1107 2883 1170 2964 egit
1183 2903 1238 2945 nu-

144 2998 231 3062 perus
246 2979 365 3060 quidam
390 2979 521 3058 Scriptor
540 2979 616 3040 libro
637 2978 686 3038 hic
699 2977 783 3039 edito
795 2997 844 3039 an.
862 2980 948 3041 1771,
968 2979 1009 3039 de
1028 2979 1186 3039 sanctitate
1207 2992 1239 3040 et

145 3076 365 3159 magnificentia
379 3072 414 3139 B.
428 3076 587 3139 Laurentii.
628 3075 688 3138 Sed
702 3094 799 3155 usqua
821 3074 898 3137 adeo
919 3075 1024 3136 critica
1044 3075 1124 3135 omui
1145 3075 1238 3137 desti·

145 3175 245 3247 tuitcr,
259 3186 293 3235 ut
306 3176 338 3236 S.
353 3174 491 3256 Martyris
514 3176 601 3247 Acts,
622 3192 690 3253 quac
705 3172 795 3234 modo
809 3174 848 3233 ab
859 3173 1060 3234 eruditissimo
1072 3190 1191 3255 qnoque
1203 3182 1239 3235 ut

145 3282 283 3353 corrupta
309 3272 511 3353 repudiantur,
539 3284 681 3352 tanquam
705 3270 838 3352 genuina
863 3280 894 3331 et
916 3271 1033 3350 integra
1057 3272 1180 3352 recipiat
1207 3282 1239 3332 et

145 3369 369 3450 complectatur,
397 3388 492 3449 eaque
513 3368 668 3431 Prudentii
693 3368 879 3447 aliorumque
898 3378 1029 3430 ueterum
1056 3369 1238 3449 Scriptorum

145 3467 311 3529 auctoritati
325 3484 495 3547 praeponere
509 3486 569 3527 uon
584 3465 773 3534 reformidem
788 3482 851 3547 qua
863 3466 952 3525 etiam
965 3464 1145 3527 confidentia
1162 3482 1239 3525 aon·

17 3612 18 3619 ,
145 3562 244 3625 tullos
259 3564 292 3625 S.
305 3562 465 3644 Augtrstini
486 3580 636 3625 sermones
656 3562 695 3623 ab
715 3562 863 3623 eruditiss.
886 3562 996 3643 congr.
1011 3562 1044 3624 8.
1058 3561 1155 3623 Mauri
1170 3560 1238 3621 Mo·

145 3658 228 3737 nucis
240 3659 278 3722 ad
293 3653 418 3742 spurios,
440 3672 492 3723 aut
505 3662 611 3723 saltem
632 3660 739 3726 dubios
758 3658 944 3735 amandatos,
959 3661 990 3722 in
1008 3660 1136 3723 medium
1156 3658 1240 3720 nulla

145 3756 258 3820 ratione
272 3768 399 3833 revocat,
413 3779 449 3821 ac
461 3779 515 3839 pro
528 3761 605 3821 veris
624 3771 656 3820 et
675 3759 809 3821 indubiis
822 3759 930 3827 utiurrt
950 3770 1040 3838 atque
1052 3758 1099 3817 his
1112 3756 1244 3817 ducibus.
1345 3828 1349 3835 ¹

146 3872 205 3915 nou
225 3854 322 3917 solum
335 3857 366 3917 S.
383 3856 523 3938 Martyris
539 3856 678 3937 patriam,
700 3856 755 3919 sed
777 3870 807 3918 et
829 3866 941 3918 certum
954 3853 1114 3914 nativitatis
1127 3854 1237 3929 locum,

147 3969 251 4031 genus,
273 3962 423 4035 parentes,
447 3952 662 4026 educationem,
687 3961 842 4033 totumque
865 3950 934 4013 ritis
955 3971 1072 4013 cursum
1092 3960 1174 4014 certo
1193 3952 1237 4013 sic

147 4048 301 4130 designare
315 4050 477 4129 praesumit,
499 4060 534 4110 ut
557 4070 645 4113 nemo
665 4048 704 4111 de
722 4050 769 4111 his
789 4049 923 4111 dubitare
937 4048 1053 4109 debeat.
1095 4049 1174 4112 llice
1191 4051 1238 4113 iu·

147 4155 225 4207 certa
238 4148 342 4220 multa,
356 4146 536 4230 apocrypha,
548 4148 633 4221 levia,
647 4148 724 4209 laisa
733 4147 876 4227 congerit,
886 4146 1091 4207 miraculorum
1105 4161 1238 4209 monstra

148 4243 256 4323 sepius
271 4262 360 4323 quam
374 4264 445 4307 vera
458 4245 599 4307 miracula
611 4244 751 4318 obtrudit,
765 4262 802 4305 ac
824 4244 914 4305 talern
934 4244 1040 4325 ubique
1063 4264 1095 4307 se
1114 4246 1235 4325 prebet,

210 4352 297 4421 Deua
307 4364 332 4409 er
347 4358 405 4411 tar.
417 4358 481 4410 cas.
640 4360 755 4411 anmi.
1142 4358 1171 4406 st
