3034 4900
588 407 795 456 PRAEFATIO.
1197 393 1243 457 85

150 567 220 630 quaa
236 547 433 614 Deventriae
449 549 584 636 prodiit,
611 568 663 612 an.
677 549 777 613 1472.
793 549 837 625 4.,
857 547 955 630 cajus
970 547 1081 613 Aldus
1094 549 1241 632 ignarus,

150 668 240 713 suam
256 671 311 714 an.
326 652 422 716 15111.
448 657 608 734 tauquam
621 652 765 715 omnium
788 651 931 733 primam
945 670 1114 735 perperam
1128 653 1242 716 vendi·

149 753 280 817 teritio
301 751 410 836 Epist.
426 755 468 819 ad
485 753 617 819 Daniel.
634 752 785 818 Clarium
807 753 1016 817 Parmenio
1038 751 1128 817 Urbe
1149 753 1242 818 Rha·

149 856 346 919 eusebonas
360 856 476 920 literas
488 855 621 938 publice
636 853 870 937 profitentem
892 855 926 917 iu
941 873 1009 936 qua
1027 855 1125 918 etiam
1141 859 1243 921 testa·

150 963 197 1020 tur
211 956 257 1021 ad
271 957 370 1022 fidem
391 957 696 1024 vetustissimorum
721 956 990 1021 Britannicarum
1014 954 1123 1020 codd.
1146 958 1190 1022 ab
1206 975 1244 1021 se
1383 1024 1385 1027 ,

150 1059 326 1124 editionem
354 1057 449 1122 illam
478 1059 673 1141 castigatam
699 1058 813 1123 luisse.
856 1057 979 1122 Victor
1007 1057 1181 1123 Giseliuus
1209 1061 1245 1130 in

150 1159 324 1225 Animadv.
339 1160 382 1224 ad
397 1160 699 1245 Psychomachiam
713 1159 801 1224 duas
818 1159 992 1225 Prudentii
1009 1160 1150 1226 Aldinas
1164 1160 1246 1225 Edi·

151 1261 259 1326 tiones
285 1267 531 1340 commemorat,
555 1260 812 1344 collaudatque3
835 1281 911 1325 cum
937 1281 997 1325 eas
1013 1267 1123 1326 tamen
1145 1264 1245 1328 certis

151 1362 400 1428 characteribus
424 1364 560 1428 minime
588 1363 749 1445 designet,
775 1363 810 1427 id
832 1383 909 1430 eum
934 1364 1035 1446 gratis
1059 1365 1246 1430 asseruisse

150 1465 286 1550 scripsit
299 1464 462 1528 Heinsius
476 1464 511 1528 in
533 1463 635 1529 Praei.
655 1465 698 1528 ad
714 1464 861 1544 Lecton,
876 1466 911 1529 in
926 1485 994 1549 qua
1007 1467 1133 1530 nnllam
1146 1467 1247 1533 eliam

35 1617 36 1660 p
152 1567 306 1648 agnoscit
323 1564 405 1630 Aldi
428 1565 630 1644 Editiouem,
656 1573 779 1649 praeter
799 1586 898 1631 unam
923 1566 1248 1650 au.15tt2.quodet

153 1665 248 1733 Balio
263 1667 376 1732 visum
390 1673 443 1732 est
456 1667 631 1732 iu-Laxic.
655 1673 695 1730 ut
716 1686 793 1750 sup.
838 1666 1012 1733 Immerito
1026 1673 1136 1731 tamen
1148 1668 1249 1734 utris·

153 1789 227 1853 que.
274 1769 409 1834 Certum
424 1775 479 1834 est
489 1769 575 1832 euim
589 1774 713 1850 praeter
727 1769 825 1846 hauc,
838 1768 977 1832 alteram
984 1787 1118 1852 quoque
1132 1776 1250 1833 extare

152 1871 194 1934 ab
210 1868 302 1936 Aldo
317 1869 471 1936 Venetiis
487 1876 634 1934 curatam
650 1869 830 1936 Prudentii
854 1869 1045 1934 Editionem
1059 1870 1250 1933 000101011-

152 1991 223 2036 rum
231 1972 331 2036 1501.
347 1972 380 2036 4.
392 1989 509 2054 parvo,
521 1970 675 2047 rotundo,
687 1989 727 2034 ac
740 1969 851 2035 nitido
862 1972 1066 2048 charactere,
1077 1991 1180 2054 quam
1194 1971 1250 2035 hic

152 2073 236 2138 meis
260 2073 368 2138 oeulis
394 2074 548 2157 pluribus
571 2074 606 2136 in
633 2072 855 2137 Bibliothecis
884 2072 966 2150 vidi,
996 2092 1036 2137 ac
1064 2071 1252 2155 frequenter

153 2175 275 2240 evolvi.
319 2174 449 2240 Praeter
478 2174 654 2240 Prudentii
681 2172 807 2257 Opera,
845 2175 1095 2240 contineater:
1123 2173 1251 2252 Editio,

155 2275 317 2360 Prosperi
333 2275 594 2359 Epigrammata,
608 2273 709 2340 Joau.
736 2274 950 2352 Damasceui,
974 2274 1107 2340 Cosmae
1132 2274 1253 2340 Hiero·

153 2377 356 2463 solymitani,
369 2376 479 2442 Marci
492 2376 554 2461 Ep.
566 2375 726 2455 ldroutis,
741 2385 776 2441 et
788 2375 1006 2461 Tbeopbauis
1017 2377 1118 2444 Cant.
1132 2377 1254 2443 Graece

35 2491 36 2557 T
154 2490 188 2547 at
201 2480 279 2547 Lat.
306 2479 399 2558 Quin
413 2479 567 2545 iuCatal.
578 2479 742 2545 Biblioth.
758 2480 886 2545 clariss.
903 2479 1106 2564 Vulpiorum
1117 2483 1254 2547 Patavii

156 2583 307 2665 vulgato,
331 2582 458 2647 Aldina
483 2582 659 2647 Prudentii
683 2582 797 2648 Editio
823 2585 988 2666 reperitur
1012 2603 1089 2648 cum
1111 2583 1254 2662 sedulii,

155 2685 326 2761 Aratoris,
343 2686 552 2767 aliorumque
564 2683 745 2749 Poeramm
766 2684 979 2763 carminibus,
994 2704 1034 2748 ac
1048 2684 1254 2749 diversorum

155 2786 342 2871 Opusculis
358 2789 464 2853 sacris
486 2786 595 2853 soluta
617 2787 782 2865 oratioue,
802 2787 937 2851 duobus
951 2787 1074 2852 volum.
1089 2786 1124 2849 in
1137 2787 1171 2853 4.
1184 2784 1256 2850 Ve-

154 2889 254 2953 netiis
269 2890 347 2954 eod.
361 2908 415 2953 an.
429 2889 526 2955 1501.
572 2888 800 2968 Quamobrem
811 2887 884 2971 jam
893 2908 962 2953 nou
976 2907 1053 2967 una,
1068 2888 1124 2953 rel
1138 2887 1257 2965 alteru,

155 2998 311 3075 utsupra
325 2992 385 3057 cit.
400 2997 553 3057 auctores
568 2993 718 3057 arbitrati
731 2998 823 3069 sunt,
840 2991 899 3055 sed
919 2997 986 3054 tres
1009 2988 1142 3053 Aldinis
1165 2992 1257 3073 typis

156 3100 285 3159 curatae
300 3092 474 3159 Prodeutii
485 3092 661 3159 Editiones
672 3092 892 3176 agnoscendae
901 3099 990 3169 suut,
1002 3110 1141 3174 quarum
1150 3093 1258 3174 prima

154 3199 189 3260 et
203 3196 311 3261 tertia
318 3214 401 3261 rarae
410 3193 601 3259 admodum.
632 3195 719 3260 Post
727 3194 873 3261 Aldinas
883 3194 1056 3259 Prudentii
1070 3193 1257 3269 Editiones,

154 3296 421 3363 Irucronieusem
448 3296 642 3379 Hispanam
672 3316 725 3361 an.
752 3296 851 3363 1512.
881 3302 1120 3361 commemorat
1143 3295 1259 3359 Nicol.

153 3397 327 3465 Antonius
350 3399 439 3463 Bibl.
456 3396 558 3481 Hisp.
573 3403 596 3463 t.
613 3414 638 3463 1.
655 3398 673 3483 ᾗ
687 3399 764 3465 104.
780 3399 823 3462 ab
851 3397 1064 3463 Nebrissensi
1079 3404 1204 3475 curata,
1219 3397 1261 3461 de

154 3520 226 3585 quo
241 3500 336 3566 inira.
379 3498 403 3565 J
404 3518 458 3565 am
473 3518 551 3565 vero
566 3518 623 3564 au.
638 3500 732 3565 1527.
746 3499 897 3564 Basileae
904 3497 1097 3582 prodierunt
1111 3497 1261 3561 Prudeu.

156 3604 193 3669 tii
203 3601 324 3686 Opera
333 3603 367 3666 in
376 3603 407 3667 8.
418 3601 506 3685 apud
520 3600 739 3667 Cratandrum
749 3621 828 3667 cum
840 3599 989 3665 Sabellis
998 3598 1162 3673 Sichardi,
1172 3596 1260 3663 adeo

154 3702 433 3787 infrequentibus,
455 3708 491 3767 ut
510 3703 633 3767 nullius
659 3703 759 3768 ferme
777 3702 939 3767 momenti
966 3702 1051 3766 siut:
1081 3703 1115 3763 et
1138 3698 1261 3763 iterum

157 3804 243 3871 ibid.
259 3804 350 3888 apud
371 3804 556 3869 Henricum
581 3805 675 3870 Petri
700 3825 751 3870 an.
780 3805 878 3870 1562.
902 3803 1019 3869 eadem
1042 3800 1160 3877 forma,
1186 3819 1263 3865 curn

159 3905 246 3971 Not.
261 3904 416 3989 praedicti
431 3902 596 3985 Sicbardi,
609 3905 632 3970 J
634 3907 733 3971 acobi
758 3906 911 3990 Spigelii,
924 3911 959 3968 et
983 3901 1137 3967 Erasini:
1163 3908 1264 3985 atque

156 4005 264 4089 liujus
279 4005 483 4101 etISicbardi
506 4006 661 4085 Scholiis,
685 4005 838 4088 Lugduni
853 4005 950 4069 leat.
973 4002 1005 4067 8.
1050 4001 1129 4067 Non
1151 4005 1265 4069 omnia

160 4112 273 4171 tamen
303 4104 477 4171 Prudentii
505 4107 617 4190 Opera
646 4107 817 4192 Spigelius
849 4111 1090 4171 commentatus
1115 4114 1179 4183 est,
1205 4105 1266 4171 sed

158 4213 294 4306 tantum
318 4208 443 4293 Hymn.
468 4208 615 4279 (lathem.
631 4224 686 4275 rx.
713 4208 825 4277 omnia
848 4209 953 4291 horca,
966 4206 1112 4298 ’propter
1129 4208 1265 4275 nimiam
