<?xml version="1.0" encoding="UTF-8"?>
<!DOCTYPE html PUBLIC "-//W3C//DTD XHTML 1.0 Transitional//EN"
    "http://www.w3.org/TR/xhtml1/DTD/xhtml1-transitional.dtd">
<html xmlns="http://www.w3.org/1999/xhtml" xml:lang="en" lang="en">
 <head>
  <title>
</title>
<meta http-equiv="Content-Type" content="text/html;charset=utf-8" />
  <meta name='ocr-system' content='tesseract 3.04.00' />
  <meta name='ocr-capabilities' content='ocr_page ocr_carea ocr_par ocr_line ocrx_word'/>
</head>
<body>
  <div class='ocr_page' id='page_1' title='image "./operaomniaexedi00prudgoog/operaomniaexedi00prudgoog_0013.png"; bbox 0 0 3034 4900; ppageno 0'>
   <div class='ocr_carea' id='block_1_1' title="bbox 347 1008 1159 1137">
    <p class='ocr_par' dir='ltr' id='par_1_1' title="bbox 347 1008 1159 1137">
     <span class='ocr_line' id='line_1_1' title="bbox 347 1008 1159 1137; baseline 0.016 -11"><span class='ocrx_word' id='word_1_1' title='bbox 347 1008 1055 1137; x_wconf 83' lang='lat' dir='ltr'><strong>PRAEFATIO.</strong></span> <span class='ocrx_word' id='word_1_2' title='bbox 1149 1009 1159 1020; x_wconf 67' lang='grc'>’</span> 
     </span>
    </p>
   </div>
   <div class='ocr_carea' id='block_1_2' title="bbox 504 1396 903 1469">
    <p class='ocr_par' dir='ltr' id='par_1_2' title="bbox 504 1396 903 1469">
     <span class='ocr_line' id='line_1_2' title="bbox 504 1396 903 1469; baseline 0.018 -21"><span class='ocrx_word' id='word_1_3' title='bbox 504 1396 567 1462; x_wconf 82' lang='lat' dir='ltr'><strong>[nx</strong></span> <span class='ocrx_word' id='word_1_4' title='bbox 593 1399 649 1450; x_wconf 84' lang='lat' dir='ltr'><strong>uo.</strong></span> <span class='ocrx_word' id='word_1_5' title='bbox 675 1400 789 1454; x_wconf 74' lang='lat' dir='ltr'><strong>nanu.</strong></span> <span class='ocrx_word' id='word_1_6' title='bbox 815 1403 903 1469; x_wconf 60' lang='grc' dir='ltr'><strong>ποι]</strong></span> 
     </span>
    </p>
   </div>
   <div class='ocr_carea' id='block_1_3' title="bbox 152 1689 1250 1815">
    <p class='ocr_par' dir='ltr' id='par_1_3' title="bbox 23 1689 1250 1838">
     <span class='ocr_line' id='line_1_3' title="bbox 152 1689 1250 1815; baseline 0.005 -26.369"><span class='ocrx_word' id='word_1_7' title='bbox 152 1689 321 1790; x_wconf 71' lang='lat' dir='ltr'><strong>Orrruo</strong></span> <span class='ocrx_word' id='word_1_8' title='bbox 359 1741 442 1790; x_wconf 87' lang='lat' dir='ltr'><strong>sane</strong></span> <span class='ocrx_word' id='word_1_9' title='bbox 481 1724 637 1806; x_wconf 83' lang='lat' dir='ltr'><strong>consilio,</strong></span> <span class='ocrx_word' id='word_1_10' title='bbox 669 1725 790 1792; x_wconf 87' lang='lat' dir='ltr'><strong>eruditi</strong></span> <span class='ocrx_word' id='word_1_11' title='bbox 817 1726 1062 1815; x_wconf 75' lang='lat' dir='ltr'><strong>prudentesque</strong></span> <span class='ocrx_word' id='word_1_12' title='bbox 1102 1734 1250 1796; x_wconf 84' lang='lat' dir='ltr'><strong>veterum</strong></span> 
     </span>
    </p>
   </div>
   <div class='ocr_carea' id='block_1_4' title="bbox 23 1820 1251 1915">
    <p class='ocr_par' dir='ltr' id='par_1_4' title="bbox 23 1820 1251 1915">
     <span class='ocr_line' id='line_1_4' title="bbox 23 1820 1251 1915; baseline 0.007 -28"><span class='ocrx_word' id='word_1_13' title='bbox 23 1875 25 1908; x_wconf 72' lang='grc'><strong>,</strong></span> <span class='ocrx_word' id='word_1_14' title='bbox 151 1820 342 1890; x_wconf 81' lang='lat' dir='ltr'><strong>Auctorum</strong></span> <span class='ocrx_word' id='word_1_15' title='bbox 365 1823 520 1892; x_wconf 86' lang='lat' dir='ltr'><strong>Editores</strong></span> <span class='ocrx_word' id='word_1_16' title='bbox 541 1827 702 1893; x_wconf 90' lang='lat' dir='ltr'><strong>nonnulla</strong></span> <span class='ocrx_word' id='word_1_17' title='bbox 727 1825 865 1912; x_wconf 78' lang='lat' dir='ltr'><strong>praeiari</strong></span> <span class='ocrx_word' id='word_1_18' title='bbox 891 1838 1107 1910; x_wconf 87' lang='lat' dir='ltr'><strong>oonsueruut,</strong></span> <span class='ocrx_word' id='word_1_19' title='bbox 1130 1830 1251 1915; x_wconf 88' lang='lat' dir='ltr'><strong>utqui</strong></span> 
     </span>
    </p>
   </div>
   <div class='ocr_carea' id='block_1_5' title="bbox 150 1927 1263 2216">
    <p class='ocr_par' dir='ltr' id='par_1_5' title="bbox 150 1927 1263 2216">
     <span class='ocr_line' id='line_1_5' title="bbox 150 1927 1250 2018; baseline 0.006 -27"><span class='ocrx_word' id='word_1_20' title='bbox 150 1927 332 2012; x_wconf 86' lang='lat' dir='ltr'><strong>qualisque</strong></span> <span class='ocrx_word' id='word_1_21' title='bbox 361 1927 472 2007; x_wconf 80' lang='lat' dir='ltr'><strong>fuerit,</strong></span> <span class='ocrx_word' id='word_1_22' title='bbox 501 1929 598 2014; x_wconf 84' lang='lat' dir='ltr'><strong>cujus</strong></span> <span class='ocrx_word' id='word_1_23' title='bbox 625 1949 729 2014; x_wconf 84' lang='lat' dir='ltr'><strong>opera</strong></span> <span class='ocrx_word' id='word_1_24' title='bbox 751 1932 888 2014; x_wconf 81' lang='lat' dir='ltr'><strong>vulgant</strong></span> <span class='ocrx_word' id='word_1_25' title='bbox 910 1942 1153 2018; x_wconf 78' lang='lat' dir='ltr'>exornantque,</span> <span class='ocrx_word' id='word_1_26' title='bbox 1181 1952 1250 2016; x_wconf 90' lang='lat' dir='ltr'><strong>quo</strong></span> 
     </span>
     <span class='ocr_line' id='line_1_6' title="bbox 150 2029 1263 2117; baseline 0.008 -25"><span class='ocrx_word' id='word_1_27' title='bbox 150 2045 227 2094; x_wconf 81' lang='lat' dir='ltr'><strong>aevo</strong></span> <span class='ocrx_word' id='word_1_28' title='bbox 241 2029 404 2109; x_wconf 87' lang='lat' dir='ltr'><strong>floruerit,</strong></span> <span class='ocrx_word' id='word_1_29' title='bbox 418 2047 517 2113; x_wconf 86' lang='lat' dir='ltr'><strong>quam</strong></span> <span class='ocrx_word' id='word_1_30' title='bbox 531 2029 599 2095; x_wconf 87' lang='lat' dir='ltr'><strong>sibi</strong></span> <span class='ocrx_word' id='word_1_31' title='bbox 612 2030 759 2098; x_wconf 85' lang='lat' dir='ltr'><strong>viudieet</strong></span> <span class='ocrx_word' id='word_1_32' title='bbox 772 2031 896 2117; x_wconf 79' lang='lat' dir='ltr'><strong>ingenii</strong></span> <span class='ocrx_word' id='word_1_33' title='bbox 905 2034 1100 2103; x_wconf 81' lang='lat' dir='ltr'><strong>soieutiaeve</strong></span> <span class='ocrx_word' id='word_1_34' title='bbox 1112 2034 1263 2114; x_wconf 81' lang='lat' dir='ltr'><strong>famam,</strong></span> 
     </span>
     <span class='ocr_line' id='line_1_7' title="bbox 150 2129 1252 2216; baseline 0.005 -19"><span class='ocrx_word' id='word_1_35' title='bbox 150 2129 289 2216; x_wconf 78' lang='lat' dir='ltr'><strong>aliaque</strong></span> <span class='ocrx_word' id='word_1_36' title='bbox 318 2129 514 2215; x_wconf 87' lang='lat' dir='ltr'><strong>hujusmodi</strong></span> <span class='ocrx_word' id='word_1_37' title='bbox 542 2138 789 2216; x_wconf 81' lang='lat' dir='ltr'><strong>pernoteseaut.</strong></span> <span class='ocrx_word' id='word_1_38' title='bbox 840 2134 1029 2201; x_wconf 85' lang='lat' dir='ltr'>Plurimum</span> <span class='ocrx_word' id='word_1_39' title='bbox 1059 2136 1148 2201; x_wconf 90' lang='lat' dir='ltr'><strong>euim</strong></span> <span class='ocrx_word' id='word_1_40' title='bbox 1177 2135 1252 2204; x_wconf 75' lang='lat' dir='ltr'><strong>baec</strong></span> 
     </span>
    </p>
   </div>
   <div class='ocr_carea' id='block_1_6' title="bbox 23 2231 1252 2321">
    <p class='ocr_par' dir='ltr' id='par_1_6' title="bbox 23 2231 1252 2321">
     <span class='ocr_line' id='line_1_8' title="bbox 23 2231 1252 2321; baseline 0.006 -25"><span class='ocrx_word' id='word_1_41' title='bbox 23 2247 24 2250; x_wconf 71' lang='grc'>’</span> <span class='ocrx_word' id='word_1_42' title='bbox 150 2231 327 2298; x_wconf 85' lang='lat' dir='ltr'><strong>conserunt</strong></span> <span class='ocrx_word' id='word_1_43' title='bbox 349 2233 483 2312; x_wconf 81' lang='lat' dir='ltr'><strong>lectori,</strong></span> <span class='ocrx_word' id='word_1_44' title='bbox 507 2251 548 2300; x_wconf 85' lang='lat' dir='ltr'><strong>ao</strong></span> <span class='ocrx_word' id='word_1_45' title='bbox 570 2252 632 2317; x_wconf 88' lang='lat' dir='ltr'><strong>pro</strong></span> <span class='ocrx_word' id='word_1_46' title='bbox 647 2234 828 2300; x_wconf 86' lang='lat' dir='ltr'><strong>continenti</strong></span> <span class='ocrx_word' id='word_1_47' title='bbox 843 2236 1024 2321; x_wconf 85' lang='lat' dir='ltr'><strong>amploque</strong></span> <span class='ocrx_word' id='word_1_48' title='bbox 1039 2233 1252 2303; x_wconf 84' lang='lat' dir='ltr'><strong>Commenta·</strong></span> 
     </span>
    </p>
   </div>
   <div class='ocr_carea' id='block_1_7' title="bbox 148 2333 1289 3136">
    <p class='ocr_par' dir='ltr' id='par_1_7' title="bbox 148 2333 1289 3136">
     <span class='ocr_line' id='line_1_9' title="bbox 150 2333 1253 2423; baseline 0.005 -25"><span class='ocrx_word' id='word_1_49' title='bbox 150 2333 201 2398; x_wconf 89' lang='lat' dir='ltr'><strong>rio</strong></span> <span class='ocrx_word' id='word_1_50' title='bbox 223 2334 341 2400; x_wconf 85' lang='lat' dir='ltr'><strong>baberi</strong></span> <span class='ocrx_word' id='word_1_51' title='bbox 367 2341 523 2418; x_wconf 79' lang='lat' dir='ltr'><strong>possuut3</strong></span> <span class='ocrx_word' id='word_1_52' title='bbox 549 2341 583 2400; x_wconf 91' lang='lat' dir='ltr'><strong>et</strong></span> <span class='ocrx_word' id='word_1_53' title='bbox 610 2335 730 2404; x_wconf 86' lang='lat' dir='ltr'><strong>mirum</strong></span> <span class='ocrx_word' id='word_1_54' title='bbox 753 2342 881 2420; x_wconf 89' lang='lat' dir='ltr'><strong>quanto</strong></span> <span class='ocrx_word' id='word_1_55' title='bbox 906 2338 974 2402; x_wconf 86' lang='lat' dir='ltr'><strong>sint</strong></span> <span class='ocrx_word' id='word_1_56' title='bbox 994 2338 1186 2423; x_wconf 88' lang='lat' dir='ltr'><strong>adjumento</strong></span> <span class='ocrx_word' id='word_1_57' title='bbox 1208 2338 1253 2404; x_wconf 90' lang='lat' dir='ltr'><strong>ad</strong></span> 
     </span>
     <span class='ocr_line' id='line_1_10' title="bbox 150 2431 1252 2523; baseline 0.006 -24"><span class='ocrx_word' id='word_1_58' title='bbox 150 2431 313 2502; x_wconf 75' lang='lat' dir='ltr'><strong>Auctoris</strong></span> <span class='ocrx_word' id='word_1_59' title='bbox 340 2442 494 2515; x_wconf 87' lang='lat' dir='ltr'><strong>mentem,</strong></span> <span class='ocrx_word' id='word_1_60' title='bbox 521 2434 660 2521; x_wconf 86' lang='lat' dir='ltr'><strong>ejusque</strong></span> <span class='ocrx_word' id='word_1_61' title='bbox 693 2435 969 2506; x_wconf 78' lang='lat' dir='ltr'><strong>lucubrationum</strong></span> <span class='ocrx_word' id='word_1_62' title='bbox 1001 2440 1252 2523; x_wconf 77' lang='lat' dir='ltr'><strong>intelligentiam</strong></span> 
     </span>
     <span class='ocr_line' id='line_1_11' title="bbox 150 2536 1265 2627; baseline -0.001 -23"><span class='ocrx_word' id='word_1_63' title='bbox 150 2538 410 2623; x_wconf 84' lang='lat' dir='ltr'><strong>assequendam.</strong></span> <span class='ocrx_word' id='word_1_64' title='bbox 455 2538 548 2605; x_wconf 87' lang='lat' dir='ltr'><strong>Hinc</strong></span> <span class='ocrx_word' id='word_1_65' title='bbox 563 2538 688 2605; x_wconf 83' lang='lat' dir='ltr'><strong>laetum</strong></span> <span class='ocrx_word' id='word_1_66' title='bbox 710 2536 874 2621; x_wconf 84' lang='lat' dir='ltr'><strong>ridemus,</strong></span> <span class='ocrx_word' id='word_1_67' title='bbox 896 2550 936 2607; x_wconf 89' lang='lat' dir='ltr'><strong>ut</strong></span> <span class='ocrx_word' id='word_1_68' title='bbox 953 2542 1068 2627; x_wconf 84' lang='lat' dir='ltr'><strong>stipsi</strong></span> <span class='ocrx_word' id='word_1_69' title='bbox 1082 2540 1265 2607; x_wconf 62' lang='lat' dir='ltr'><strong>euhemero.</strong></span> 
     </span>
     <span class='ocr_line' id='line_1_12' title="bbox 150 2640 1253 2730; baseline 0.001 -20"><span class='ocrx_word' id='word_1_70' title='bbox 150 2660 325 2710; x_wconf 77' lang='lat' dir='ltr'><strong>eumarum</strong></span> <span class='ocrx_word' id='word_1_71' title='bbox 337 2641 531 2726; x_wconf 81' lang='lat' dir='ltr'><strong>paginarum</strong></span> <span class='ocrx_word' id='word_1_72' title='bbox 546 2640 750 2725; x_wconf 79' lang='lat' dir='ltr'><strong>Scriptores,</strong></span> <span class='ocrx_word' id='word_1_73' title='bbox 769 2642 863 2711; x_wconf 84' lang='lat' dir='ltr'><strong>initio</strong></span> <span class='ocrx_word' id='word_1_74' title='bbox 877 2662 1013 2711; x_wconf 86' lang='lat' dir='ltr'><strong>suarum</strong></span> <span class='ocrx_word' id='word_1_75' title='bbox 1028 2652 1087 2709; x_wconf 89' lang='lat' dir='ltr'><strong>aut</strong></span> <span class='ocrx_word' id='word_1_76' title='bbox 1100 2643 1253 2730; x_wconf 86' lang='lat' dir='ltr'><strong>Propbe·</strong></span> 
     </span>
     <span class='ocr_line' id='line_1_13' title="bbox 150 2738 1254 2829; baseline 0.001 -20"><span class='ocrx_word' id='word_1_77' title='bbox 150 2744 287 2823; x_wconf 78' lang='lat' dir='ltr'><strong>tiorum,</strong></span> <span class='ocrx_word' id='word_1_78' title='bbox 302 2752 362 2812; x_wconf 90' lang='lat' dir='ltr'><strong>aut</strong></span> <span class='ocrx_word' id='word_1_79' title='bbox 375 2738 575 2822; x_wconf 83' lang='lat' dir='ltr'><strong>Literaruui,</strong></span> <span class='ocrx_word' id='word_1_80' title='bbox 590 2750 648 2812; x_wconf 87' lang='lat' dir='ltr'><strong>aut</strong></span> <span class='ocrx_word' id='word_1_81' title='bbox 663 2743 853 2824; x_wconf 83' lang='lat' dir='ltr'><strong>Librorum,</strong></span> <span class='ocrx_word' id='word_1_82' title='bbox 864 2745 989 2811; x_wconf 84' lang='lat' dir='ltr'><strong>similia</strong></span> <span class='ocrx_word' id='word_1_83' title='bbox 1002 2753 1120 2811; x_wconf 89' lang='lat' dir='ltr'><strong>notare</strong></span> <span class='ocrx_word' id='word_1_84' title='bbox 1135 2744 1254 2829; x_wconf 77' lang='lat' dir='ltr'><strong>dedig-</strong></span> 
     </span>
     <span class='ocr_line' id='line_1_14' title="bbox 149 2842 1251 2932; baseline 0.002 -21"><span class='ocrx_word' id='word_1_85' title='bbox 149 2844 225 2914; x_wconf 87' lang='lat' dir='ltr'><strong>nati</strong></span> <span class='ocrx_word' id='word_1_86' title='bbox 255 2845 391 2913; x_wconf 89' lang='lat' dir='ltr'><strong>minime</strong></span> <span class='ocrx_word' id='word_1_87' title='bbox 419 2846 498 2913; x_wconf 84' lang='lat' dir='ltr'><strong>siut.</strong></span> <span class='ocrx_word' id='word_1_88' title='bbox 542 2842 667 2929; x_wconf 79' lang='lat' dir='ltr'><strong>Operae</strong></span> <span class='ocrx_word' id='word_1_89' title='bbox 689 2845 793 2929; x_wconf 80' lang='lat' dir='ltr'><strong>igitur</strong></span> <span class='ocrx_word' id='word_1_90' title='bbox 815 2847 958 2931; x_wconf 83' lang='lat' dir='ltr'><strong>pretium</strong></span> <span class='ocrx_word' id='word_1_91' title='bbox 982 2846 1056 2927; x_wconf 89' lang='lat' dir='ltr'><strong>erit,</strong></span> <span class='ocrx_word' id='word_1_92' title='bbox 1080 2849 1251 2932; x_wconf 74' lang='lat' dir='ltr'><strong>nonnique</strong></span> 
     </span>
     <span class='ocr_line' id='line_1_15' title="bbox 150 2945 1289 3035; baseline 0.002 -22"><span class='ocrx_word' id='word_1_93' title='bbox 150 2949 302 3013; x_wconf 87' lang='lat' dir='ltr'><strong>muueris</strong></span> <span class='ocrx_word' id='word_1_94' title='bbox 327 2947 371 3013; x_wconf 89' lang='lat' dir='ltr'><strong>ad</strong></span> <span class='ocrx_word' id='word_1_95' title='bbox 391 2947 673 3033; x_wconf 82' lang='lat' dir='ltr'><strong>praestautissima</strong></span> <span class='ocrx_word' id='word_1_96' title='bbox 694 2945 871 3015; x_wconf 88' lang='lat' dir='ltr'><strong>Prudentii</strong></span> <span class='ocrx_word' id='word_1_97' title='bbox 886 2948 1012 3034; x_wconf 89' lang='lat' dir='ltr'><strong>Opera,</strong></span> <span class='ocrx_word' id='word_1_98' title='bbox 1032 2967 1110 3035; x_wconf 80' lang='lat' dir='ltr'><strong>quae</strong></span> <span class='ocrx_word' id='word_1_99' title='bbox 1132 2950 1253 3015; x_wconf 89' lang='lat' dir='ltr'><strong>iterum</strong></span> <span class='ocrx_word' id='word_1_100' title='bbox 1286 3026 1289 3029; x_wconf 36' lang='grc'>,</span> 
     </span>
     <span class='ocr_line' id='line_1_16' title="bbox 148 3048 1252 3136; baseline 0.002 -21"><span class='ocrx_word' id='word_1_101' title='bbox 148 3050 245 3136; x_wconf 83' lang='lat' dir='ltr'><strong>typis</strong></span> <span class='ocrx_word' id='word_1_102' title='bbox 268 3048 399 3116; x_wconf 90' lang='lat' dir='ltr'><strong>edenda</strong></span> <span class='ocrx_word' id='word_1_103' title='bbox 421 3068 464 3115; x_wconf 86' lang='lat' dir='ltr'><strong>ae</strong></span> <span class='ocrx_word' id='word_1_104' title='bbox 491 3048 689 3118; x_wconf 89' lang='lat' dir='ltr'><strong>illustranda</strong></span> <span class='ocrx_word' id='word_1_105' title='bbox 711 3051 935 3136; x_wconf 87' lang='lat' dir='ltr'><strong>suscepimus,</strong></span> <span class='ocrx_word' id='word_1_106' title='bbox 957 3052 1022 3117; x_wconf 89' lang='lat' dir='ltr'><strong>bae</strong></span> <span class='ocrx_word' id='word_1_107' title='bbox 1046 3050 1252 3118; x_wconf 76' lang='lat' dir='ltr'><strong>Praeiatioue</strong></span> 
     </span>
    </p>
   </div>
   <div class='ocr_carea' id='block_1_8' title="bbox 149 3150 1371 3239">
    <p class='ocr_par' dir='ltr' id='par_1_8' title="bbox 149 3150 1371 3239">
     <span class='ocr_line' id='line_1_17' title="bbox 149 3150 1371 3239; baseline -0.001 -22"><span class='ocrx_word' id='word_1_108' title='bbox 149 3150 274 3217; x_wconf 81' lang='lat' dir='ltr'><strong>lectori</strong></span> <span class='ocrx_word' id='word_1_109' title='bbox 287 3153 378 3218; x_wconf 83' lang='lat' dir='ltr'><strong>riam</strong></span> <span class='ocrx_word' id='word_1_110' title='bbox 394 3159 542 3219; x_wconf 89' lang='lat' dir='ltr'><strong>sternere</strong></span> <span class='ocrx_word' id='word_1_111' title='bbox 564 3160 665 3237; x_wconf 88' lang='lat' dir='ltr'><strong>atque</strong></span> <span class='ocrx_word' id='word_1_112' title='bbox 686 3155 827 3233; x_wconf 90' lang='lat' dir='ltr'><strong>munire,</strong></span> <span class='ocrx_word' id='word_1_113' title='bbox 848 3154 883 3219; x_wconf 93' lang='lat' dir='ltr'><strong>iu</strong></span> <span class='ocrx_word' id='word_1_114' title='bbox 907 3152 1033 3239; x_wconf 89' lang='lat' dir='ltr'><strong>quade</strong></span> <span class='ocrx_word' id='word_1_115' title='bbox 1049 3152 1253 3219; x_wconf 78' lang='lat' dir='ltr'><strong>celeberrimi</strong></span> <span class='ocrx_word' id='word_1_116' title='bbox 1335 3177 1341 3196; x_wconf 87' lang='lat'><strong>·</strong></span> <span class='ocrx_word' id='word_1_117' title='bbox 1366 3210 1371 3216; x_wconf 81' lang='grc'><strong>.</strong></span> 
     </span>
    </p>
   </div>
   <div class='ocr_carea' id='block_1_9' title="bbox 149 3252 1259 4255">
    <p class='ocr_par' dir='ltr' id='par_1_9' title="bbox 149 3252 1259 4255">
     <span class='ocr_line' id='line_1_18' title="bbox 150 3252 1254 3337; baseline 0.001 -18"><span class='ocrx_word' id='word_1_118' title='bbox 150 3252 279 3321; x_wconf 82' lang='lat' dir='ltr'><strong>Poiitae</strong></span> <span class='ocrx_word' id='word_1_119' title='bbox 288 3254 372 3332; x_wconf 83' lang='lat' dir='ltr'><strong>vita,</strong></span> <span class='ocrx_word' id='word_1_120' title='bbox 387 3253 533 3333; x_wconf 89' lang='lat' dir='ltr'><strong>dotibus,</strong></span> <span class='ocrx_word' id='word_1_121' title='bbox 547 3253 696 3337; x_wconf 83' lang='lat' dir='ltr'><strong>seriptis,</strong></span> <span class='ocrx_word' id='word_1_122' title='bbox 707 3252 839 3337; x_wconf 77' lang='lat' dir='ltr'><strong>elogiis,</strong></span> <span class='ocrx_word' id='word_1_123' title='bbox 848 3256 968 3334; x_wconf 79' lang='lat' dir='ltr'><strong>naevis,</strong></span> <span class='ocrx_word' id='word_1_124' title='bbox 978 3253 1082 3321; x_wconf 85' lang='lat' dir='ltr'><strong>variis</strong></span> <span class='ocrx_word' id='word_1_125' title='bbox 1096 3254 1254 3320; x_wconf 86' lang='lat' dir='ltr'><strong>editioni·</strong></span> 
     </span>
     <span class='ocr_line' id='line_1_19' title="bbox 150 3353 1254 3441; baseline -0.002 -18"><span class='ocrx_word' id='word_1_126' title='bbox 150 3356 230 3437; x_wconf 88' lang='lat' dir='ltr'><strong>bus,</strong></span> <span class='ocrx_word' id='word_1_127' title='bbox 246 3357 352 3439; x_wconf 88' lang='lat' dir='ltr'><strong>deque</strong></span> <span class='ocrx_word' id='word_1_128' title='bbox 362 3353 506 3441; x_wconf 88' lang='lat' dir='ltr'><strong>bujusee</strong></span> <span class='ocrx_word' id='word_1_129' title='bbox 518 3360 641 3423; x_wconf 81' lang='lat' dir='ltr'><strong>nostrae</strong></span> <span class='ocrx_word' id='word_1_130' title='bbox 655 3354 811 3421; x_wconf 86' lang='lat' dir='ltr'><strong>methodo</strong></span> <span class='ocrx_word' id='word_1_131' title='bbox 825 3362 927 3440; x_wconf 86' lang='lat' dir='ltr'><strong>atque</strong></span> <span class='ocrx_word' id='word_1_132' title='bbox 947 3356 1094 3423; x_wconf 84' lang='lat' dir='ltr'><strong>utilitate</strong></span> <span class='ocrx_word' id='word_1_133' title='bbox 1110 3356 1254 3421; x_wconf 89' lang='lat' dir='ltr'><strong>dissere-</strong></span> 
     </span>
     <span class='ocr_line' id='line_1_20' title="bbox 150 3455 1253 3542; baseline -0.001 -19"><span class='ocrx_word' id='word_1_134' title='bbox 150 3477 242 3525; x_wconf 89' lang='lat' dir='ltr'><strong>mus.</strong></span> <span class='ocrx_word' id='word_1_135' title='bbox 294 3457 379 3523; x_wconf 92' lang='lat' dir='ltr'><strong>Iude</strong></span> <span class='ocrx_word' id='word_1_136' title='bbox 408 3455 559 3542; x_wconf 76' lang='lat' dir='ltr'><strong>prolecto</strong></span> <span class='ocrx_word' id='word_1_137' title='bbox 585 3474 700 3524; x_wconf 89' lang='lat' dir='ltr'><strong>omnes</strong></span> <span class='ocrx_word' id='word_1_138' title='bbox 728 3455 925 3542; x_wconf 81' lang='lat' dir='ltr'><strong>intelligent,</strong></span> <span class='ocrx_word' id='word_1_139' title='bbox 953 3456 1072 3542; x_wconf 89' lang='lat' dir='ltr'><strong>quanti</strong></span> <span class='ocrx_word' id='word_1_140' title='bbox 1102 3457 1253 3536; x_wconf 87' lang='lat' dir='ltr'><strong>babitus,</strong></span> 
     </span>
     <span class='ocr_line' id='line_1_21' title="bbox 150 3555 1259 3645; baseline -0.001 -18"><span class='ocrx_word' id='word_1_141' title='bbox 150 3559 336 3645; x_wconf 80' lang='lat' dir='ltr'><strong>quantique</strong></span> <span class='ocrx_word' id='word_1_142' title='bbox 362 3556 535 3629; x_wconf 77' lang='lat' dir='ltr'><strong>faciendus</strong></span> <span class='ocrx_word' id='word_1_143' title='bbox 560 3557 606 3629; x_wconf 86' lang='lat' dir='ltr'><strong>sit</strong></span> <span class='ocrx_word' id='word_1_144' title='bbox 632 3555 1183 3645; x_wconf 74' lang='lat' dir='ltr'><strong>hujusmodiAuot013quamque</strong></span> <span class='ocrx_word' id='word_1_145' title='bbox 1210 3557 1259 3626; x_wconf 89' lang='lat' dir='ltr'><strong>de</strong></span> 
     </span>
     <span class='ocr_line' id='line_1_22' title="bbox 149 3656 1253 3745; baseline -0.003 -19"><span class='ocrx_word' id='word_1_146' title='bbox 149 3662 289 3745; x_wconf 84' lang='lat' dir='ltr'><strong>pietate,</strong></span> <span class='ocrx_word' id='word_1_147' title='bbox 303 3659 346 3725; x_wconf 90' lang='lat' dir='ltr'><strong>de</strong></span> <span class='ocrx_word' id='word_1_148' title='bbox 359 3660 529 3743; x_wconf 82' lang='lat' dir='ltr'><strong>religione,</strong></span> <span class='ocrx_word' id='word_1_149' title='bbox 552 3658 594 3724; x_wconf 93' lang='lat' dir='ltr'><strong>de</strong></span> <span class='ocrx_word' id='word_1_150' title='bbox 610 3657 806 3740; x_wconf 86' lang='lat' dir='ltr'><strong>eruditione,</strong></span> <span class='ocrx_word' id='word_1_151' title='bbox 821 3658 866 3724; x_wconf 88' lang='lat' dir='ltr'><strong>de</strong></span> <span class='ocrx_word' id='word_1_152' title='bbox 889 3657 1048 3726; x_wconf 77' lang='lat' dir='ltr'><strong>Historia</strong></span> <span class='ocrx_word' id='word_1_153' title='bbox 1062 3656 1253 3724; x_wconf 86' lang='lat' dir='ltr'><strong>Ecclesias-</strong></span> 
     </span>
     <span class='ocr_line' id='line_1_23' title="bbox 150 3758 1253 3847; baseline -0.002 -20"><span class='ocrx_word' id='word_1_154' title='bbox 150 3764 226 3827; x_wconf 87' lang='lat' dir='ltr'><strong>tica</strong></span> <span class='ocrx_word' id='word_1_155' title='bbox 240 3762 460 3829; x_wconf 80' lang='lat' dir='ltr'><strong>benemeritus</strong></span> <span class='ocrx_word' id='word_1_156' title='bbox 473 3760 592 3843; x_wconf 79' lang='lat' dir='ltr'><strong>fuerit3</strong></span> <span class='ocrx_word' id='word_1_157' title='bbox 608 3763 655 3829; x_wconf 81' lang='lat' dir='ltr'><strong>ita</strong></span> <span class='ocrx_word' id='word_1_158' title='bbox 668 3766 705 3827; x_wconf 90' lang='lat' dir='ltr'><strong>ut</strong></span> <span class='ocrx_word' id='word_1_159' title='bbox 717 3761 841 3846; x_wconf 83' lang='lat' dir='ltr'><strong>pudere</strong></span> <span class='ocrx_word' id='word_1_160' title='bbox 855 3762 1032 3847; x_wconf 83' lang='lat' dir='ltr'><strong>plerosque</strong></span> <span class='ocrx_word' id='word_1_161' title='bbox 1044 3758 1253 3825; x_wconf 81' lang='lat' dir='ltr'><strong>Christiano-</strong></span> 
     </span>
     <span class='ocr_line' id='line_1_24' title="bbox 151 3860 1252 3950; baseline -0.005 -16"><span class='ocrx_word' id='word_1_162' title='bbox 151 3886 227 3934; x_wconf 88' lang='lat' dir='ltr'><strong>rum</strong></span> <span class='ocrx_word' id='word_1_163' title='bbox 240 3860 374 3943; x_wconf 86' lang='lat' dir='ltr'><strong>debeat,</strong></span> <span class='ocrx_word' id='word_1_164' title='bbox 397 3862 434 3929; x_wconf 92' lang='lat' dir='ltr'><strong>iu</strong></span> <span class='ocrx_word' id='word_1_165' title='bbox 456 3864 596 3950; x_wconf 86' lang='lat' dir='ltr'><strong>impuris</strong></span> <span class='ocrx_word' id='word_1_166' title='bbox 610 3862 827 3949; x_wconf 67' lang='lat' dir='ltr'><strong>profanisque</strong></span> <span class='ocrx_word' id='word_1_167' title='bbox 840 3861 960 3931; x_wconf 73' lang='lat' dir='ltr'><strong>Poetis</strong></span> <span class='ocrx_word' id='word_1_168' title='bbox 972 3861 1030 3927; x_wconf 89' lang='lat' dir='ltr'><strong>dio</strong></span> <span class='ocrx_word' id='word_1_169' title='bbox 1044 3860 1252 3946; x_wconf 86' lang='lat' dir='ltr'><strong>multumque</strong></span> 
     </span>
     <span class='ocr_line' id='line_1_25' title="bbox 150 3962 1251 4052; baseline -0.005 -21"><span class='ocrx_word' id='word_1_170' title='bbox 150 3973 318 4043; x_wconf 66' lang='lat' dir='ltr'><strong>ventos,</strong></span> <span class='ocrx_word' id='word_1_171' title='bbox 331 3964 420 4031; x_wconf 89' lang='lat' dir='ltr'><strong>buno</strong></span> <span class='ocrx_word' id='word_1_172' title='bbox 431 3984 474 4031; x_wconf 89' lang='lat' dir='ltr'><strong>ue</strong></span> <span class='ocrx_word' id='word_1_173' title='bbox 487 3968 587 4032; x_wconf 75' lang='lat' dir='ltr'><strong>munel</strong></span> <span class='ocrx_word' id='word_1_174' title='bbox 601 3966 738 4052; x_wconf 88' lang='lat' dir='ltr'><strong>quidem</strong></span> <span class='ocrx_word' id='word_1_175' title='bbox 753 3966 917 4049; x_wconf 75' lang='lat' dir='ltr'><strong>attigisse,</strong></span> <span class='ocrx_word' id='word_1_176' title='bbox 935 3964 980 4028; x_wconf 77' lang='lat' dir='ltr'><strong>ab</strong></span> <span class='ocrx_word' id='word_1_177' title='bbox 993 3962 1093 4048; x_wconf 76' lang='lat' dir='ltr'><strong>eujus</strong></span> <span class='ocrx_word' id='word_1_178' title='bbox 1106 3963 1251 4029; x_wconf 83' lang='lat' dir='ltr'><strong>lectione</strong></span> 
     </span>
     <span class='ocr_line' id='line_1_26' title="bbox 152 4064 1251 4151; baseline -0.004 -18"><span class='ocrx_word' id='word_1_179' title='bbox 152 4086 223 4133; x_wconf 91' lang='lat' dir='ltr'><strong>uon</strong></span> <span class='ocrx_word' id='word_1_180' title='bbox 240 4066 435 4132; x_wconf 85' lang='lat' dir='ltr'><strong>eruditiores</strong></span> <span class='ocrx_word' id='word_1_181' title='bbox 459 4074 600 4149; x_wconf 86' lang='lat' dir='ltr'><strong>tautum,</strong></span> <span class='ocrx_word' id='word_1_182' title='bbox 626 4066 806 4133; x_wconf 86' lang='lat' dir='ltr'><strong>sedetiam</strong></span> <span class='ocrx_word' id='word_1_183' title='bbox 828 4064 1051 4151; x_wconf 81' lang='lat' dir='ltr'><strong>religiosiores</strong></span> <span class='ocrx_word' id='word_1_184' title='bbox 1074 4065 1251 4131; x_wconf 68' lang='lat' dir='ltr'><strong>discessis</strong></span> 
     </span>
     <span class='ocr_line' id='line_1_27' title="bbox 153 4164 1250 4255; baseline 0.005 -18"><span class='ocrx_word' id='word_1_185' title='bbox 153 4180 243 4245; x_wconf 83' lang='lat' dir='ltr'><strong>seut</strong></span> <span class='ocrx_word' id='word_1_186' title='bbox 289 4164 362 4233; x_wconf 87' lang='lat' dir='ltr'><strong>Nee</strong></span> <span class='ocrx_word' id='word_1_187' title='bbox 375 4166 450 4252; x_wconf 87' lang='lat' dir='ltr'><strong>jam</strong></span> <span class='ocrx_word' id='word_1_188' title='bbox 471 4166 725 4255; x_wconf 83' lang='lat' dir='ltr'><strong>improbandum</strong></span> <span class='ocrx_word' id='word_1_189' title='bbox 748 4167 855 4235; x_wconf 81' lang='lat' dir='ltr'><strong>videri</strong></span> <span class='ocrx_word' id='word_1_190' title='bbox 875 4168 1127 4254; x_wconf 67' lang='lat' dir='ltr'><strong>potentorum</strong></span> <span class='ocrx_word' id='word_1_191' title='bbox 1141 4166 1250 4243; x_wconf 75' lang='lat' dir='ltr'><strong>couri·</strong></span> 
     </span>
    </p>
   </div>
   <div class='ocr_carea' id='block_1_10' title="bbox 0 0 1522 4900">
    <p class='ocr_par' dir='ltr' id='par_1_10' title="bbox 0 0 1522 4900">
     <span class='ocr_line' id='line_1_28' title="bbox 0 0 1522 4900; baseline 0 0"><span class='ocrx_word' id='word_1_192' title='bbox 0 0 1522 4900; x_wconf 95' lang='lat' dir='ltr'><strong> </strong></span> 
     </span>
    </p>
   </div>
  </div>
 </body>
</html>
