3034 4900
435 405 718 511 nerrarpsrrruu
742 405 865 456 ιιιιιιι.
889 406 922 453 v.
1164 391 1227 463 241

320 659 536 710 Aououtrro
559 657 600 706 trt
625 657 796 706 HYMNUM
818 655 1058 718 SEQUBNTBM.

136 793 235 864 Quon
247 790 278 852 in
293 793 412 874 Hymno
425 793 481 853 SS.
499 785 638 853 Emeterii
659 800 690 852 ct
702 789 848 852 celidonii
862 792 1024 853 eorundem
1036 793 1122 853 ¹lictis
1133 792 1228 854 conti·

136 890 216 969 gisse
229 889 361 968 queritur
373 888 562 963 Prudentius,
585 897 619 949 ut
643 886 757 948 scilicet
777 897 969 969 tyrannorum
989 886 1102 948 malitia
1115 887 1229 969 disper·

136 983 201 1046 dita
219 985 338 1060 luerint,
350 984 382 1046 ld
395 995 426 1047 et
438 985 477 1046 dc
488 984 651 1046 beatissimi
664 983 787 1064 hujusce
801 983 941 1065 Martyris
963 983 1047 1044 Actis
1071 983 1229 1046 dicendum

136 1090 194 1154 est,
204 1079 357 1142 ntdiserte
375 1082 513 1142 observat
524 1081 636 1142 Auctor
648 1080 799 1160 antiquus,
814 1079 864 1159 qui
886 1079 985 1140 statim
998 1090 1069 1162 post
1087 1080 1230 1143 redditam

137 1177 283 1238 Ecclesia
295 1196 399 1258 pacem
412 1177 478 1238 bac
490 1178 556 1258 ipsa
568 1179 601 1237 S.
614 1175 763 1237 Vincentii
777 1177 864 1250 Acta,
885 1196 953 1256 quoe
972 1177 1060 1239 modo
1077 1177 1230 1251 hebemus,

136 1275 336 1349 concinnavit,
349 1285 438 1355 atque
452 1274 621 1356 evulgavitr
640 1293 768 1355 quasque
781 1274 824 1334 ite
844 1274 981 1336 omnibus
1000 1275 1183 1355 placuerunt,
1196 1283 1231 1334 ut

137 1390 196 1431 non
220 1371 316 1432 solum
342 1370 422 1454 quod
447 1370 614 1432 observavit
636 1367 820 1444 Ruinartius,
839 1369 929 1449 paulo
952 1381 1022 1450 post
1044 1371 1075 1431 in
1096 1369 1231 1430 Ecclesia

137 1468 216 1528 lecta
229 1466 349 1547 publice
360 1466 479 1540 suerint,
492 1487 592 1529 verum
607 1465 695 1527 etiam
717 1486 754 1526 ex
778 1466 836 1528 hoc
856 1467 921 1547 ipso
942 1467 1023 1527 fonte
1037 1465 1230 1528 Prudentium

138 1564 238 1626 omnia
250 1582 336 1644 prena
348 1583 417 1644 quta
430 1563 541 1643 profert
557 1562 703 1634 hausisse,
721 1581 758 1621 er
775 1562 933 1623 collatione
954 1564 1054 1624 nullus
1076 1562 1230 1624 dubitandi

137 1662 221 1722 locus
234 1659 426 1739 relinquatur.
467 1658 579 1721 Passus
600 1669 647 1720 est
669 1657 845 1720 Vincentius
866 1677 914 1720 an.
940 1662 1009 1722 304.
1024 1663 1080 1722 sub
1095 1661 1230 1723 Deciano

139 1756 294 1838 Hispaniae
312 1757 454 1832 Proeside,
473 1757 700 1838 lmperatoribus
714 1756 903 1819 Diocletiano
916 1768 946 1819 et
961 1755 1141 1820 Maximiano
1156 1760 1231 1821 Her·

139 1853 245 1922 culeos
267 1872 303 1915 ac
322 1865 383 1915 tam
404 1854 485 1914 brevi
508 1852 650 1933 temporis
675 1849 831 1914 intervallo
852 1852 916 1932 ejus
930 1853 1010 1914 lama
1022 1862 1117 1914 totum
1131 1856 1231 1916 orbern

139 1948 340 2018 Christianum
361 1949 437 2011 adeo
456 1950 595 2031 pervasit,
615 1958 650 2010 ut
667 1956 793 2010 testetur
807 1949 839 2012 S.
854 1949 1040 2028 Augustinus
1054 1951 1146 2012 Serm.
1161 1952 1231 2010 276.

139 2046 190 2124 qui
205 2065 284 2106 unus
297 2056 344 2107 est
356 2066 393 2108 ex
405 2045 536 2126 quinque
549 2063 626 2124 quoa
636 2042 675 2106 de
689 2063 726 2106 eo
737 2044 853 2119 habuit,
860 2045 923 2124 jam
932 2063 986 2106 suo
999 2055 1131 2128 tempore
1144 2047 1232 2128 hujus

140 2143 176 2204 B.
205 2142 345 2224 Martyris
372 2141 481 2203 festum
503 2139 613 2221 ubique
634 2150 776 2201 terrarum
798 2141 978 2202 celebratum
1003 2142 1102 2204 fuisse.
1154 2144 1233 2204 Hinc

139 2239 243 2300 mirum
257 2258 316 2300 non
332 2249 378 2301 est
391 2239 472 2319 quod
485 2239 577 2320 ipsius
589 2236 730 2299 memoria
739 2247 802 2298 tam
816 2237 846 2297 in
859 2235 1030 2300 Groecorum
1045 2225 1233 2322 Menologiis,

139 2354 227 2418 quam
254 2335 284 2396 in
312 2335 535 2417 Martyrologiis
562 2335 731 2398 Latinorum
758 2333 934 2411 celebretur,
962 2336 1010 2396 die
1044 2337 1156 2399 scilicet
1182 2339 1232 2398 22.

140 2434 252 2497 mensis
273 2434 418 2509 Januarii,
442 2454 477 2497 ac
501 2435 539 2496 ab
561 2434 626 2496 aliis
648 2454 767 2515 quoque
789 2433 906 2496 Sanctis
928 2434 1065 2495 Patribus
1089 2447 1120 2496 et
1133 2437 1233 2517 Scrip-

140 2532 252 2594 toribus
281 2531 500 2593 Ecclesiasticis
525 2530 658 2591 certatim
682 2530 830 2605 laudetur,
850 2551 925 2612 quos
947 2531 1015 2593 vide
1037 2533 1115 2613 apud
1140 2534 1234 2593 Ruin-

141 2631 257 2704 artinm,
277 2629 328 2710 qui
347 2620 482 2691 recenset
501 2630 590 2689 etiam
610 2627 720 2687 multas
740 2637 771 2688 ct
791 2627 920 2688 illustres
941 2628 1091 2690 Ecclesias
1118 2631 1156 2689 ab
1181 2649 1233 2690 an·

141 2726 231 2807 tiquis
242 2724 420 2807 temporibus
437 2726 468 2786 in
490 2724 590 2787 Gallia
603 2726 660 2785 sub
673 2724 822 2787 Vincentii
841 2724 929 2803 hujus
944 2725 1062 2785 nomine
1077 2725 1144 2787 Deo
1157 2744 1232 2785 con-

143 2832 285 2885 secretas.

329 3044 364 3092 V.
408 3042 535 3093 anselo
558 3041 591 3092 Β.
614 3041 816 3091 ῊΝΟΒΝῊΙ
840 3037 1048 3090 musalms.

143 3172 270 3225 Invictum
281 3188 312 3225 ac
321 3188 425 3239 prorsus
437 3174 578 3226 mirabilem
596 3175 667 3225 inter
680 3173 753 3225 scrin
768 3180 954 3225 tormentorum
970 3188 1067 3241 genera
1076 3174 1153 3239 lmjtrs
1164 3172 1234 3224 Mar·

176 3254 240 3320 tyris
251 3256 420 3307 constsntlsm
431 3269 462 3306 ac
473 3256 610 3320 gloriosum
621 3255 719 3307 snitum
729 3254 862 3315 cclsbrst5
873 3254 967 3306 deinde
977 3262 1067 3310 narret
1077 3269 1135 3320 qun
1146 3260 1235 3319 tyrsu-

176 3350 224 3386 nns
234 3337 364 3401 egeritur
374 3336 519 3389 utinctnnr
531 3336 657 3401 Martyris
668 3349 761 3401 corpus
776 3334 948 3401 disperderet,
963 3344 991 3389 st
1007 3335 1135 3403 quomodo
1147 3334 1238 3385 divini·

176 3424 220 3469 tas
230 3424 362 3470 servatam
372 3417 463 3469 inerit.

359 3548 491 3614 Batus
507 3548 647 3633 Martyr,
662 3567 824 3633 prospera

364 3650 465 3717 Diem
478 3650 707 3736 triumphalem
721 3657 825 3725 tcum,

180 3860 203 3907 0
216 3858 294 3908 Beate
305 3848 403 3923 martyr
417 3854 538 3920 Vincenti,
549 3862 573 3907 te
580 3854 705 3919 precorut
713 3866 834 3920 prospem
843 3853 906 3904 ιὶίιιιι
916 3847 978 3902 luas
988 3832 1053 3901 taust
1064 3838 1239 3913 reimplentes,
1346 3884 1350 3892 1

635 3997 743 4050 NOTAE

181 4110 342 4175 lepevs]
360 4109 453 4161 Iino.
466 4106 595 4158 ebllrbe:
609 4105 672 4155 ‘Dli
713 4104 777 4154 tium
804 4102 865 4165 vinu,
887 4100 1072 4167 victoriamque
1102 4114 1238 4167 prospere·

148 4188 239 4242 manes
255 4202 301 4237 ros
319 4200 420 4251 precor,
437 4198 557 4247 veneror,
572 4182 674 4233 reniam
713 4178 784 4231 tis.'·
805 4222 808 4232 ,

150 4274 221 4327 peto,
236 4263 345 4328 seroque
358 4261 398 4313 nti
415 4276 478 4326 pop.
498 4261 572 4313 Rom
589 4257 674 4311 Quiri·

212 4345 301 4409 Dstpt.
309 4350 332 4396 et
349 4344 406 4396 Ver.
417 4344 483 4393 ctus.
627 4340 743 4391 Prodest.
1151 4332 1175 4382 Q
