3034 4900
264 305 328 372 1oe
611 322 768 372 nnnnnrr
795 324 1005 374 rnunrnrn

267 463 336 530 Hic
352 464 446 530 locus
460 464 578 548 dignus
593 468 743 532 tenendis
757 469 889 532 ossibus
903 470 996 532 visum
1012 466 1098 545 Deo,

267 564 337 645 Qui
352 568 519 632 beatorum
534 567 675 652 pudicus
690 582 781 634 esset
793 569 917 652 hospes
932 588 1120 652 corporum.

311 667 380 733 Hic
395 669 543 740 calentes
555 669 667 734 hausit
680 670 784 736 undas
798 671 892 737 caede
907 671 1033 736 unctus
1044 670 1191 754 duplicis

267 767 377 835 Illitas
393 789 506 836 cruore
520 777 649 848 sancto,
662 790 751 835 nnnc
763 791 879 836 arenas
892 772 1014 838 incolae

268 869 547 956 Confrequentaut
560 873 771 938 obsecrantes
786 893 882 954 voce,
897 876 994 952 votis
1007 891 1150 940 munere.

310 970 497 1036 Exterinec
512 974 962 1040 nonetorbisbnccolonns
976 975 1128 1040 advenit:
1309 974 1361 1037 10

267 1069 373 1137 Fama
387 1091 463 1136 nam
479 1079 582 1138 terras
597 1074 632 1137 iu
644 1093 758 1140 omues
773 1078 976 1159 percucurrit
989 1076 1165 1161 proditrix,

267 1172 336 1238 Hic
351 1183 507 1255 patronos
522 1195 596 1240 esse
611 1177 735 1254 mundi,
751 1197 837 1262 qnos
851 1186 1027 1262 precantes
1041 1178 1201 1244 ambiant.

311 1274 419 1340 Nemo
433 1296 532 1358 puras
543 1278 597 1344 hic
611 1279 756 1362 rogando
770 1281 891 1346 frustra
905 1282 1072 1364 congessit
1085 1299 1220 1365 preces:

267 1379 382 1443 Laetus
393 1378 468 1443 bine
483 1382 579 1446 tersis
592 1383 725 1448 revertit
738 1383 946 1466 supplicator
958 1382 1103 1462 fletibus,

268 1479 388 1557 Omne,
410 1481 501 1564 quod
509 1480 636 1566 justum
652 1486 817 1566 poposcit,
830 1487 1043 1569 impetratum
1057 1485 1212 1550 sentiens.
1310 1482 1358 1545 15

309 1581 421 1646 Tanta
432 1602 494 1665 pro
509 1584 629 1647 nostris
645 1586 778 1666 periclis
790 1605 870 1650 cura
883 1586 1134 1668 suffragantium
1149 1591 1211 1649 est.

268 1682 349 1749 Non
364 1685 487 1762 sinunt,
502 1686 598 1750 inane
612 1685 746 1750 utullus
762 1706 845 1752 voce
859 1703 1003 1752 murmur
1014 1686 1155 1751 fuderit:

269 1785 430 1864 Audiuut,
446 1787 619 1869 statimqne
631 1786 673 1850 ad
688 1808 797 1852 aurem
811 1787 915 1870 Regis
931 1789 1042 1854 aeterm
1055 1787 1172 1852 serunt.

312 1885 395 1950 Inde
409 1887 500 1969 larga
516 1887 607 1950 iente
623 1887 666 1950 ab
680 1889 755 1970 ipse
767 1887 853 1951 dona
866 1889 958 1952 terris
972 1885 1120 1964 influunt,

268 1990 464 2074 Supplicum
478 2007 598 2054 causas
613 1990 725 2072 petitis
739 2008 816 2073 quae
830 1989 970 2055 medelis
983 1990 1129 2070 irrigant.
1298 1987 1345 2053 20

269 2091 331 2156 Nil
345 2092 417 2155 suis
433 2092 535 2155 bonus
551 2092 683 2175 negavit
698 2090 848 2156 Christus
862 2110 1008 2174 unquam
1023 2091 1179 2156 testibus:

268 2307 371 2350 urearrt
381 2316 439 2358 area,
449 2303 489 2363 aei
499 2307 557 2350 esset
564 2303 660 2365 pedicas
670 2301 748 2364 borpee
756 2308 885 2350 maelmin
892 2316 1020 2363 emporaar.
1048 2301 1098 2351 Hic
1106 2304 1169 2350 lorea
1178 2299 1253 2365 effero
1262 2300 1352 2349 etrier·

268 2381 311 2429 poe
319 2366 431 2427 sunnine
441 2370 553 2414 remamit
561 2366 662 2414 imbutae
671 2382 680 2422 ,·
696 2367 736 2413 sed
744 2367 769 2412 in
780 2380 830 2413 mm
839 2367 900 2413 carie
911 2371 1039 2429 myram
1050 2367 1222 2414 celeberrimam
1231 2364 1352 2428 memet

267 2430 357 2491 incole,
370 2435 483 2493 nrartyrer
493 2430 608 2488 invocant,
619 2432 737 2493 dupimant
747 2433 810 2491 oete,
820 2443 914 2478 menna
925 2429 1036 2492 afferrat.
1070 2430 1204 2487 Quinetiam
1213 2430 1351 2491 numum

268 2495 431 2557 peregrinique
450 2496 493 2543 lue
509 2495 627 2542 adsolant.
662 2494 726 2541 Nam
736 2494 806 2553 saera
821 2495 963 2557 bquaspm
981 2500 1055 2543 mum
1071 2496 1148 2544 ortem
1158 2496 1259 2554 ammai,
1270 2510 1353 2542 sarra-

269 2565 377 2635 meatque
391 2558 532 2621 Hispaniam
549 2558 587 2606 iic
605 2559 711 2621 sepulcro
728 2558 816 2606 aedime
832 2558 912 2605 mandi
928 2562 1048 2620 patronos
1061 2574 1158 2635 prmum
1176 2574 1269 2622 corpora
1281 2559 1350 2607 urba

266 2624 385 2685 precantis
394 2623 474 2685 populi
484 2624 665 2672 circumdantur.
698 2622 785 2671 Nullas
802 2622 843 2670 tea
860 2628 975 2685 maneres
981 2622 1213 2685 franscisaoeaoit:
1229 2623 1350 2685 eamque-

269 2686 660 2797 Lneagnmmraasamiitarfrr
661 2687 801 2751 irrepreeee,
821 2686 903 2750 quibu
917 2694 979 2735 recte
993 2687 1082 2749 aliquid
1090 2687 1199 2765 petierat,
1217 2687 1350 2748 mpreeeit

292 2753 497 2813 mprnusaciatus
505 2752 694 2799 demumreeiiit:
711 2756 780 2800 tanta
794 2757 829 2799 est
845 2765 910 2810 cura,
925 2757 1092 2812 pangerent
1110 2752 1151 2799 isti
1165 2756 1291 2799 asrertmee
1306 2766 1349 2814 psa

269 2815 357 2861 sostris
292 2766 490 2876 mpetum.
524 2815 579 2863 Non
597 2815 677 2863 sinunt
699 2820 726 2863 ut
742 2815 828 2878 σὶίφιὺ
842 2814 997 2873 msrrmeeeae
1006 2815 1096 2873 fundat
1106 2828 1196 2879 precer,
1212 2814 1278 2863 reri
1268 2815 1298 2863 air
1307 2830 1348 2863 aa·

269 2880 361 2937 seem
376 2884 400 2928 et
409 2879 490 2927 rtatim
502 2878 594 2940 ipsimet
605 2878 681 2926 Derim
691 2884 803 2927 oetmnem
812 2882 888 2927 mant.
922 2878 1001 2933 Quare
1011 2892 1042 2927 en
1057 2879 1107 2942 ipse
1115 2879 1187 2940 sonte
1196 2892 1281 2940 magna
1291 2877 1347 2927 tosa

267 2942 1028 3070 itaw‘cbistbi‘tit’intiitbmt
1034 2942 1347 3071 mmai*

270 3276 372 3327 eamne
383 3276 412 3327 F.
420 3278 537 3341 percurrit
548 3278 596 3342 Eg.
605 3278 731 3341 praearrit
742 3277 937 3341 A.-1ojmun
954 3286 989 3330 eet
1004 3280 1118 3345 Ep-li
1135 3283 1191 3333 Nes
1203 3283 1283 3333 meast
1299 3282 1343 3332 lie.

762 3428 866 3479 NOTAE

302 3546 379 3597 illic
389 3543 462 3609 lasa]
475 3545 576 3607 Nempe
588 3544 741 3607 calaguris:
759 3544 792 3593 de
863 3550 896 3596 2⁰
911 3546 1048 3610 supptices
1063 3548 1157 3613 mem]
1172 3547 1234 3599 Ant.
1243 3547 1343 3599 Nebris-

268 3640 321 3692 an
332 3624 406 3689 paulo
422 3630 488 3686 post.
520 3622 563 3671 De
576 3622 718 3672 stemmate
737 3621 792 3685 jem
831 3622 910 3673 rearis
921 3638 968 3686 per
984 3637 1074 3674 censae
1092 3625 1212 3689 inteiligit
1231 3624 1341 3675 morbos:

270 3718 329 3767 sup.
345 3710 373 3752 et
393 3714 442 3766 qno
461 3714 536 3751 sensu
557 3700 620 3750 illud
637 3714 728 3751 nomeu
750 3714 791 3751 sn·
831 3700 1018 3765 qnieCeusesii
1038 3701 1133 3752 milites
1152 3698 1343 3751 dicunturrbi·

269 3778 389 3829 mendum
401 3778 443 3826 sit.
831 3777 873 3825 vio
883 3776 928 3827 lib.
944 3790 995 3827 arr.
1007 3777 1050 3842 qni
1061 3782 1168 3840 propter
1178 3772 1341 3824 valetudinem

304 3858 336 3905 lt)
356 3854 428 3905 Fmte
444 3851 545 3917 abipso]
566 3851 590 3902 Α
608 3851 792 3917 Deo,qnia,nt
832 3853 950 3904 emilitie
970 3855 1120 3910 rolennter3
1140 3849 1217 3899 ereb
1237 3847 1341 3911 Ulpiano

271 3927 384 3979 lacobus
411 3929 437 3977 in
461 3929 560 3977 Canon.
589 3928 679 3979 scribit
700 3943 791 3992 capr.
830 3930 925 3979 dieitur
941 3926 1027 3981 mirsia
1044 3920 1238 3987 eremumque*
1252 3922 1340 3973 milites

272 4004 372 4055 ‘Omne
381 3996 468 4055 datum
480 4008 614 4070 optimum,
622 4014 649 4057 et
660 4019 734 4055 omne
746 4004 791 4055 do·
829 4009 936 4068 propter
947 4002 1061 4050 morbnnr
1072 4012 1089 4045 e
1104 3995 1233 4045 leboribus
1248 3997 1339 4049 militia

262 4094 330 4131 nuru
349 4080 502 4143 perfeetum,
519 4082 650 4137 desursum
678 4090 727 4145 est,
745 4081 790 4131 de·
828 4078 1140 4143 seiriaetssrcrementu
1149 4071 1263 4125 militari.

272 4152 396 4209 scendens
407 4154 552 4204 aluminum
564 4156 662 4207 Patre'
