3034 4900
627 394 787 444 Auuuun
813 395 1022 446 Pituntium!

496 539 567 604 Sub
583 545 682 604 nocte
696 539 806 604 Jacob
821 541 981 619 eoerulee,

454 641 613 706 Luctator
628 642 738 705 audax
751 639 884 721 Angeli,

455 744 507 808 Eo
523 762 629 826 usque
645 744 723 806 dum
738 745 798 806 lux
814 749 975 824 surgeret,

454 845 594 910 Sudavit
607 845 713 927 impar
728 846 891 927 praelium.

495 946 564 1010 Sed
580 965 653 1010 cum
664 946 766 1029 jubar
781 948 988 1025 claresceret,

452 1047 622 1130 Lapsente
637 1049 780 1113 claudus
791 1049 932 1133 poplite,

454 1150 642 1232 Femurque
654 1151 762 1215 victus
775 1151 898 1228 debile,

451 1251 570 1334 eulpae
585 1251 733 1332 vigorem
746 1251 907 1334 perdidit.

453 1381 454 1386 ¹
496 1353 650 1418 Nutobat
664 1354 782 1436 inguen
798 1354 961 1430 saucium,

450 1457 538 1537 Quae
554 1459 701 1540 corporis
715 1476 794 1539 pars
809 1457 919 1534 vilior,

449 1559 629 1642 Longeque
645 1559 707 1620 sub
723 1557 832 1620 cordis
844 1557 923 1620 loco

449 1659 568 1724 Dirum
580 1659 670 1724 fovet
683 1658 866 1722 libidinem.

493 1760 560 1824 Hae
575 1779 636 1823 uos
652 1757 773 1821 docent
788 1756 963 1837 imagines,

450 1861 632 1925 Hominem
647 1859 792 1922 tenebris
808 1857 966 1934 obsitum,

449 1963 487 2027 Si
500 1963 586 2026 forte
601 1980 665 2024 non
681 1956 780 2023 ceda't
794 1959 885 2038 Deo,

448 2063 548 2128 Vires
562 2062 708 2127 rebelles
723 2061 867 2144 perdere.

489 2163 563 2228 Erit
576 2169 683 2227 tamen
697 2162 839 2238 beatior,

449 2265 680 2347 intemperans
694 2264 881 2328 membrum
895 2263 951 2327 cui
1326 2265 1371 2332 90

275 2486 367 2549 Δημὼ
382 2500 426 2550 per
443 2491 534 2535 noctem
550 2482 653 2548 nigrum,
673 2491 743 2549 utque
765 2485 842 2547 imper
859 2483 949 2534 cisitu
969 2483 1093 2548 movit,
1112 2487 1187 2548 quood
1201 2486 1235 2533 sol
1252 2491 1369 2547 meret.

276 2552 325 2600 Sed
336 2552 471 2601 siecum
481 2550 576 2598 reduxit
592 2551 693 2611 diem,s's
708 2551 804 2597 eluredus
820 2549 930 2598 succiduo
946 2550 1225 2613 pretendentem,
1243 2551 1368 2599 eosesdbe

267 2616 360 2678 fruma,
378 2616 458 2664 omisit
474 2615 544 2673 eires,
559 2614 641 2675 quitus
659 2616 718 2663 mule
733 2613 851 2662 eruimur.
883 2613 976 2673 Inguen
996 2628 1053 2677 pm
1067 2614 1202 2673 soeds'setsso
1223 2616 1296 2664 totius
1315 2629 1369 2663 eor·

271 2681 346 2741 poris,
356 2686 380 2729 et
385 2679 470 2739 senens
481 2681 548 2739 longe
564 2692 580 2725 u
595 2680 648 2727 sede
664 2678 740 2727 cordis
752 2684 845 2740 turpem
859 2678 1009 2742 wtoptotem,
1030 2678 1145 2727 titubabat
1156 2679 1184 2727 ob
1195 2679 1276 2728 vuinus
1286 2692 1366 2741 deeep-

274 2750 332 2794 tum.
367 2747 418 2793 Noe
428 2744 558 2805 colligimus
576 2758 606 2791 ex
623 2743 665 2792 boc
684 2742 787 2803 exemplo
805 2743 866 2790 cim
883 2741 979 2790 rebelles
995 2742 1094 2791 bominis
1106 2744 1210 2803 jacentis
1227 2742 1368 2792 intenebris

272 2808 362 2871 peccati
379 2810 490 2870 iqnuge,
509 2808 558 2857 nisi
569 2807 637 2866 sorte
655 2813 726 2856 cesset
743 2820 850 2869 pugnare
859 2811 942 2877 contre
961 2806 1051 2856 Deum
1083 2805 1197 2858 sumes
1207 2808 1247 2856 ille
1257 2808 1303 2856 erit
1313 2808 1367 2857 beu·

731 2964 910 2984 emmeno

272 3080 438 3145 antiquiores,
455 3080 550 3157 Weilts.
568 3080 615 3142 Eg.
626 3078 660 3130 ll.
672 3085 700 3155 et
709 3078 742 3128 G.
754 3077 822 3153 curis
833 3091 886 3126 see.
896 3077 980 3140 pretio
995 3079 1037 3128 W.
1047 3078 1080 3127 B.
1090 3078 1235 3143 Vutge-tts
1251 3081 1362 3132 tamese

274 3145 350 3195 Gold.
372 3146 439 3195 uude
460 3147 557 3197 Werts.
577 3158 611 3195 ex
626 3157 694 3207 couJ.
717 3144 784 3207 legit
801 3142 986 3192 Lindo-8⁸
1001 3144 1053 3192 leco
1074 3145 1122 3207 Eg.
1143 3144 1241 3195 Petu
1251 3145 1360 3204 secant

761 3302 874 3355 Nom

302 3405 335 3451 tt
350 3400 435 3464 Jacob]
451 3400 535 3451 isaaci
546 3399 614 3451 filius
625 3406 653 3451 et
665 3401 799 3451 Rebecca.
838 3399 907 3451 ism!
938 3400 973 3451 Iit
984 3401 1011 3451 iu
1020 3401 1171 3466 Apotheosi,
1179 3403 1188 3431 ‘
1197 3403 1367 3457 crudescen-

270 3478 373 3529 Issicus
384 3476 576 3542 sexagenarius,
591 3477 710 3540 conjugis
724 3476 799 3526 steri·
840 3476 899 3524 sira
927 3477 1034 3526 resudet
1063 3479 1217 3541 congeriem
1246 3483 1363 3532 ventris?

269 3555 345 3603 litate
355 3554 475 3619 precibus
487 3552 609 3617 discussa,
625 3552 739 3617 geminos
749 3550 799 3601 fili·
838 3552 942 3616 Hymuo
957 3552 985 3603 iu
1002 3554 1117 3619 exequiis
1133 3553 1260 3616 defuncti,
1275 3558 1365 3607 ‘Mor-

245 3618 247 3625 '
270 3644 298 3678 os
311 3644 342 3677 ex
355 3644 386 3678 eu
397 3629 511 3691 suscepit
531 3628 598 3677 Essu
618 3633 645 3677 et
660 3627 797 3685 Jnoobum,
837 3627 884 3678 bus
906 3634 1034 3678 tormenta
1056 3628 1198 3693 sesudsus,'
1225 3636 1301 3695 etque
1326 3634 1366 3683 ita

271 3718 337 3754 anno
349 3714 409 3753 ante
422 3704 552 3755 Christum
564 3707 637 3753 1876.
836 3703 931 3768 psssirn
942 3704 1048 3753 Noster.

313 3786 345 3829 tc
363 3782 464 3833 Seducit
485 3781 561 3843 imper
586 3778 709 3843 prolium]
736 3778 798 3829 Non
868 3784 900 3830 77
916 3780 965 3829 Sed
980 3794 1032 3829 etos
1045 3780 1364 3848 jsbcr]1dtotumiegi-

266 3854 358 3916 praetto.
396 3855 472 3919 Apud
495 3855 663 3904 Claudianum
689 3854 796 3918 Nuptiis
837 3870 893 3906 mus
905 3856 1001 3905 Genes.
1014 3870 1109 3906 xxxts.
1126 3858 1170 3907 ubi
1186 3858 1306 3910 discimus
1317 3863 1365 3914 Ju-

270 3930 379 3979 lionorii
397 3930 464 3993 Aug.
479 3932 562 3983 ‘Qnoe
582 3930 672 3995 prelis
692 3930 797 3981 sudest'
836 3931 928 3979 eobum
943 3930 1096 3980 redeuutem
1114 3946 1146 3980 ex
1164 3934 1363 3998 Mesopotamia,

269 4005 304 4053 Et
315 4006 478 4055 Prudentius
486 4007 511 4055 id
525 4007 630 4057 verbum
647 4006 797 4071 frequenter
835 4020 894 4056 eum
903 4008 1015 4056 venisset
1025 4007 1057 4056 sd
1069 4009 1153 4058 locum
1165 4024 1241 4073 quem
1251 4012 1306 4077 ipse
1318 4028 1364 4063 eo·

270 4094 328 4130 eum
340 4096 403 4129 essu
416 4090 506 4145 quarto
518 4084 659 4147 conjungit.
692 4082 797 4145 Hymuo
835 4082 906 4131 eavit
930 4082 1056 4140 Phanuel,
1080 4098 1128 4147 per
1154 4093 1236 4137 totum
1257 4095 1363 4142 noctem

269 4156 387 4219 proximo
402 4157 499 4205 ‘Mella
510 4160 587 4207 sudet
599 4172 689 4206 recens
702 4155 796 4207 savus!
835 4171 964 4222 pugnasse
976 4172 1035 4208 cum
1047 4158 1158 4224 Angelo.

270 4232 305 4282 Et
315 4231 419 4297 Hymno
429 4230 522 4294 seno,
535 4232 542 4258 ‘
552 4231 683 4280 Resudure
703 4244 797 4295 crepu-
