3034 4900
250 387 293 452 12
695 402 900 452 rnnrauro.

249 551 458 613 monumenta
472 550 668 630 prostratus,
682 565 759 612 cum
773 545 930 631 lacrymis
951 544 1195 628 proeteritorum
1207 545 1348 614 delicto-

248 672 322 718 rum
333 653 465 718 vcniam
476 671 497 717 a
509 651 597 729 Deo,
606 669 719 717 eorum
730 652 973 716 intercessione
985 651 1202 735 deposcebat,
1216 671 1347 737 eosque

249 758 287 818 ut
300 773 412 818 veram
434 753 498 816 sibi
520 753 633 818 cordis
655 754 904 818 conversionem
927 754 1142 837 impetrarent
1161 755 1262 818 enixe
1283 753 1346 818 de·

248 856 460 940 precabatur,
476 860 582 920 totam
596 874 691 937 spem
706 874 802 919 suam
816 855 850 918 in
864 875 985 938 magna
997 855 1096 920 valde
1115 855 1348 926 misericordia

248 957 315 1022 Dei
325 959 474 1041 positam
489 957 700 1042 esseubique
709 957 894 1024 declarans.
931 956 1134 1036 Quinimmo
1146 977 1213 1022 non
1226 956 1345 1023 defue-

247 1064 361 1135 runt,²³
377 1060 436 1141 qui
446 1059 632 1124 hnmilitate
644 1060 732 1124 ultra
746 1059 932 1138 terminum,
947 1079 1025 1123 eum
1039 1059 1247 1143 processisse
1260 1079 1344 1125 con·

248 1160 360 1243 questi
369 1166 459 1239 snnt,
469 1168 627 1225 utcnme.
638 1180 670 1243 g.
680 1160 935 1244 PeristHymn.
944 1176 1075 1224 mers
1085 1158 1346 1224 iin.seinextre-

247 1280 304 1326 mo
317 1261 341 1327 J
343 1261 447 1328 udicii
458 1263 513 1328 die
524 1263 612 1326 inter
624 1261 742 1328 haedos
751 1280 773 1325 a
783 1261 928 1326 sinistris
937 1259 1096 1336 collocat,
1105 1279 1146 1324 ac
1158 1260 1292 1326 nonnisi
1305 1260 1344 1326 S.

247 1360 394 1428 Romani
403 1365 559 1448 precibus
568 1363 611 1429 ad
621 1363 795 1428 dexteram
804 1361 1198 1429 transferendumseesse
1208 1361 1345 1441 scribit;

247 1468 370 1530 etcum
384 1466 491 1551 ejusd.
505 1467 563 1531 lib.
580 1466 708 1549 Hymn.
725 1482 777 1530 vr.
793 1467 868 1532 150.
889 1485 964 1530 eam
984 1465 1051 1530 sibi
1073 1484 1149 1530 esse
1164 1483 1260 1548 spem
1279 1465 1344 1545 ait,

246 1567 330 1631 utin
345 1569 463 1632 eodem
477 1568 501 1634 J
503 1567 605 1633 udicii
619 1569 674 1633 die
689 1569 762 1633 suis
772 1569 945 1633 tormentis
961 1567 999 1632 S.
1017 1566 1219 1632 Fructuosus
1234 1567 1346 1632 mede-

246 1668 313 1734 lam
329 1670 489 1735 obtineat.
533 1670 660 1736 Verum
674 1670 739 1748 bis,
753 1690 822 1736 non
837 1671 930 1755 qnod
945 1669 1091 1734 futurum
1111 1688 1227 1734 revera
1240 1677 1344 1749 esset,

247 1769 306 1834 sed
322 1770 412 1853 qnod
425 1771 498 1855 ipse
520 1773 671 1855 peccatis
695 1773 767 1837 suis
788 1773 1016 1856 promeruerit,
1035 1772 1173 1837 innuere
1191 1771 1343 1838 voluisse

247 1870 402 1950 Podtam,
418 1874 525 1938 cuivis
540 1874 639 1939 facile
654 1875 827 1939 intellectu
841 1882 906 1940 est
951 1873 1029 1953 Quo
1050 1881 1163 1939 autern
1177 1873 1286 1957 magis
1301 1893 1342 1938 se

246 1973 453 2052 demittebat,
464 1994 506 2040 eo
518 1977 624 2058 magis
635 1977 669 2040 in
681 1977 832 2042 interiori
847 1976 984 2053 lumine,
1000 1975 1190 2058 ceterisque
1212 1976 1344 2040 virtuti·

245 2075 310 2141 bus
331 2076 541 2160 proficiebat:
564 2077 740 2144 ‘Resistit
761 2080 888 2163 quippe
910 2078 1005 2142 Dens
1027 2077 1191 2160 superbis,
1211 2077 1344 2144 bumili-

245 2176 311 2241 bns
335 2187 448 2244 autern
473 2179 531 2245 dat
556 2180 718 2263 gratiam!
762 2180 856 2244 Hinc
887 2176 1107 2263 Psycomacb
1142 2177 1183 2242 Ρ.
1204 2178 1266 2242 nlt.
1287 2197 1341 2248 vs.

245 2279 321 2348 888.
343 2281 505 2364 plurimas
528 2280 662 2347 Christo
687 2282 815 2363 gratias
838 2282 919 2362 agit,
943 2278 1036 2361 quod
1060 2277 1127 2343 sibi
1149 2278 1343 2361 patefecerit

244 2381 392 2446 immane
402 2380 487 2445 illud
509 2381 664 2447 virtutum
678 2381 903 2465 vitiorumque
917 2384 1094 2460 certamen,
1110 2379 1153 2444 de
1169 2400 1237 2465 qno
1252 2381 1342 2446 Pan.

244 2483 300 2548 lus
314 2484 358 2547 ad
374 2483 472 2549 Rom.
495 2500 561 2549 vu.
576 2484 665 2569 quod
686 2485 721 2550 in
746 2483 848 2549 corde
862 2483 1006 2549 bominis
1027 2491 1192 2568 perpetuo
1206 2484 1341 2569 geritur.

245 2583 300 2650 Ita
316 2585 403 2651 enim
423 2587 490 2652 loc.
512 2588 568 2655 cit.

329 2720 361 2785 Ο
379 2722 512 2806 quoties
527 2724 683 2803 animam,
698 2724 856 2804 vitiorum
871 2728 965 2808 peste
980 2725 1127 2809 repulsa,

330 2823 505 2889 Sensimus
519 2826 698 2891 incaluisse
714 2826 814 2891 Deoi
838 2826 970 2908 quoties
984 2825 1188 2910 tepefactum

331 2923 480 2990 Goeleste
494 2928 664 3009 ingenium
678 2935 758 3012 post
773 2927 897 3011 gaudia
915 2927 1059 2994 candida
1074 2932 1159 2992 tetro

330 3024 486 3091 Cessisse
501 3027 700 3093 stomacbol

287 3160 412 3226 Verum
424 3163 510 3228 inter
523 3162 585 3229 bas
598 3164 760 3229 luctantis
783 3140 904 3229 animm
927 3164 1021 3229 vices
1040 3164 1085 3227 ad
1109 3159 1277 3227 Christum
1299 3182 1339 3228 se

245 3281 284 3326 se
298 3270 505 3343 convertens,
521 3266 571 3330 sic
597 3284 674 3329 eum
697 3263 941 3330 ardentissimae
953 3264 1106 3330 caritatis
1115 3264 1235 3329 affectu
1247 3284 1338 3331 com·

244 3363 406 3448 pellebat,
429 3364 557 3452 Apoth.
571 3386 623 3432 vs.
636 3366 712 3431 392.

288 3496 319 3564 0
335 3517 457 3564 nomen
471 3497 642 3581 praedulce
656 3497 756 3562 mibi!
779 3497 851 3577 lux,
866 3503 900 3563 et
915 3496 1032 3576 decus,
1047 3504 1083 3562 et
1097 3516 1188 3582 spes,

286 3600 556 3684 Praesidiumque
570 3599 699 3664 meum!
721 3599 855 3682 requies
870 3619 892 3663 o
907 3606 998 3663 certa
1010 3598 1178 3673 laborum!

285 3703 439 3769 Blandus
453 3702 487 3766 in
502 3720 557 3765 ore
573 3719 687 3784 sapor,
700 3700 851 3782 fragrans
866 3700 962 3778 odor,
972 3700 1114 3783 irriguus
1127 3700 1217 3783 sons,

286 3803 411 3871 Gustus
426 3823 527 3882 amor,
542 3800 683 3887 pulchra
697 3802 841 3885 species,
853 3802 984 3866 sincera
994 3802 1163 3886 voluptas.

243 3940 297 4007 Ex
313 3958 381 4024 quo
396 3939 551 4005 abdicata
572 3956 680 4002 rerum
698 3938 910 4003 saecularium
925 3955 1016 4015 cura,
1031 3938 1165 4021 domurn
1178 3936 1333 4017 redierat,

243 4045 277 4107 in
301 4040 514 4107 solitudinem
542 4059 580 4105 se
600 4040 791 4121 contulisse,
813 4039 914 4106 valde
941 4039 1117 4126 probabile
1138 4047 1208 4121 est;
1230 4040 1333 4125 idque

394 4226 426 4275 28
441 4221 539 4287 Gedru.
551 4220 646 4273 nemu·
656 4222 753 4277 inblot.
762 4224 796 4275 sd
808 4222 889 4278 Prod.
901 4222 970 4289 opud
982 4220 1076 4275 Weitr.
1088 4235 1114 4287 p.
1123 4224 1182 4275 tlt.
