3034 4900
586 379 799 434 enarrare·
1215 371 1238 435 7

139 523 287 610 proprio,
317 523 381 588 sed
411 539 483 592 snm
510 524 651 603 macru
682 524 851 610 Hispana
879 526 1038 597 videlieet
1056 529 1236 596 murnum

138 627 201 694 Sed
216 627 261 694 de
275 627 343 694 hoe
355 627 451 706 satia
466 635 581 694 cetera
594 627 781 697 videamus.

177 729 357 814 Ingenium
380 748 470 808 acre,
496 728 669 809 disertum,
691 727 799 808 laras,
823 728 975 796 scientiis
1000 729 1240 815 percipiendis,

137 831 290 916 sciteque
304 830 492 901 mrcmudls
509 829 663 915 apprime
676 829 832 898 idoneum
853 849 877 896 a
888 837 1007 899 ustura
1021 831 1241 903 Prudentinm
1315 871 1323 889 ‚

139 940 293 1000 uostmn
305 931 475 1009 hausisse,
487 931 643 1016 quisquis
661 931 735 1016 ejus
749 930 866 1016 Opera
877 950 942 998 nou
955 932 1141 1000 oscitanter
1151 934 1240 1020 lega·

137 1035 189 1114 rit,
212 1033 321 1100 facile
344 1033 595 1100 animadvertet
639 1033 733 1100 Huic
753 1033 898 1100 naturali
918 1035 1020 1114 bono,
1041 1034 1158 1120 ingens
1177 1057 1242 1122 pa·

137 1143 264 1202 rentum
293 1137 444 1204 aecumst
464 1135 657 1214 solicitudo,
679 1153 746 1220 qua
768 1153 858 1214 aum,
880 1154 1020 1219 puerum
1035 1137 1156 1218 adbuc,
1168 1159 1240 1207 ura·

140 1241 250 1320 gistris
266 1237 441 1317 traditum,
455 1244 495 1304 ut
517 1237 727 1317 liberalibus,
742 1237 951 1323 optimisque
973 1238 1166 1324 disciplinis
1177 1241 1241 1308 im·

138 1341 296 1408 haeretur
310 1340 432 1408 sedulo
446 1344 612 1406 ornarunt.
656 1340 737 1426 Ipse
760 1358 841 1405 rere
862 1338 1060 1406 iudustriam
1078 1340 1240 1408 studimrr·

140 1461 204 1526 que
219 1445 333 1510 solere
350 1443 524 1528 prestanti
547 1447 677 1508 naturas
699 1441 918 1526 owjurgaus,
940 1441 976 1508 iu
997 1443 1041 1508 iis
1060 1443 1148 1511 adeo
1160 1463 1238 1528 pro·

140 1541 231 1623 iecit,
245 1551 286 1612 ut
300 1552 338 1611 et
350 1549 487 1630 propter
507 1544 655 1610 aunuum
680 1544 833 1610 scientiis
858 1544 1241 1630 humanioribusquala·

141 1647 323 1712 oulmflbus
335 1646 619 1725 eruditissimum,
640 1653 677 1715 at
690 1651 826 1731 propter
850 1646 998 1729 insigni·
1020 1646 1238 1732 Reipubliea

142 1767 288 1828 munera,
311 1767 389 1833 quae
413 1747 664 1814 administrasse
685 1748 880 1832 promeruit,
897 1767 1054 1832 maguam
1077 1749 1146 1815 sibi
1167 1751 1239 1834 glo·

140 1853 221 1916 riam
242 1852 421 1936 pepererit,
443 1857 479 1916 st
499 1867 567 1915 non
588 1855 718 1915 tantum
741 1849 909 1934 Hispanae
930 1850 1164 1930 nobilissima,
1179 1851 1240 1918 sed

142 1953 243 2018 tutius
270 1954 376 2018 etiam
406 1947 570 2018 Ecclesiae
594 1952 708 2035 iugens
733 1959 965 2018 ornamentum
988 1957 1023 2018 et
1044 1953 1241 2037 presidium

143 2056 301 2121 evaseris
342 2054 399 2119 Ab
413 2053 557 2121 infautia
572 2060 631 2119 aut
646 2073 743 2120 sacro
761 2059 936 2138 purgatum
951 2054 1167 2138 baptismate,
1182 2061 1242 2122 aut

144 2154 261 2222 saltem
282 2158 367 2223 iuter
389 2155 653 2222 catechumenos
676 2153 848 2231 allectum,
863 2152 1014 2236 religioni
1037 2151 1238 2221 Christianae

145 2275 276 2344 semper
290 2257 488 2335 adhaesisse,
498 2255 677 2341 conjicitur
691 2273 734 2320 cx
749 2273 791 2319 eo
807 2251 998 2339 quodcum
1016 2254 1128 2322 varlas
1145 2258 1240 2323 aber·

146 2359 298 2438 rationes,
320 2360 373 2425 vel
401 2365 520 2425 tenera
543 2359 668 2439 artatis,
691 2356 824 2439 defleat,
845 2374 1015 2443 nunquam
1036 2363 1150 2424 tamen
1171 2379 1241 2425 me·

145 2463 238 2528 miuit
251 2463 411 2531 falsorum
427 2461 598 2527 numinum
614 2460 736 2526 cultus.

186 2562 372 2649 Septimum
381 2564 547 2630 decimum
560 2560 671 2627 aemtls
685 2580 806 2627 aunum
817 2578 930 2646 agens,
941 2556 1130 2629 Rbetorrrm
1144 2565 1240 2633 sciro·

146 2665 196 2729 lus
209 2665 415 2752 frequentare
429 2665 545 2751 cupa,
558 2660 678 2751 (Praei.
700 2664 735 2729 in
749 2662 899 2731 Gatbenu
918 2682 971 2729 vs.
984 2660 1034 2750 7.)
1055 2663 1240 2750 inquibus,

147 2770 193 2833 uti
207 2754 323 2853 prava,
339 2770 405 2847 sui,
422 2768 629 2853 aliorumque
646 2766 852 2834 saeculorum
876 2766 1004 2834 terebat
1017 2769 1241 2847 consuetudo,

148 2868 372 2937 declamandis
385 2868 498 2937 causis
512 2875 620 2935 totum
634 2888 671 2935 se
686 2868 788 2935 dedit
812 2868 856 2935 In
865 2868 930 2936 boo
945 2876 1057 2935 autem
1072 2870 1240 2955 ejusmodi

148 2974 351 3051 exercitatio,
366 2992 468 3057 quam
487 2974 608 3056 vulgus
629 2972 742 3055 magui
764 2972 921 3052 iaciebat,
936 2979 1012 3039 tota
1032 2974 1239 3052 versabatur,

148 3080 184 3139 ut
197 3076 308 3160 posita
322 3076 562 3161 cujuscumque
585 3076 718 3161 generis
738 3096 856 3171 causa,
877 3094 953 3143 eam
974 3072 1031 3139 rel
1050 3073 1238 3155 detundere,

149 3177 201 3241 vel
215 3196 407 3263 oppugnare
417 3178 577 3264 juventus
592 3179 796 3258 addisceret,
811 3187 880 3246 tam
901 3192 1022 3263 parum
1043 3175 1086 3245 de
1105 3178 1242 3243 veritate

150 3278 292 3358 solicita,
306 3289 344 3346 ut
367 3280 427 3366 qui
446 3280 547 3348 modo
569 3301 631 3366 pro
652 3301 720 3346 una
740 3289 838 3366 parte
858 3279 1146 3364 depugnaverarrt,
1161 3298 1242 3344 mox

150 3398 209 3463 pre
224 3381 330 3447 altera
350 3388 476 3448 certare
499 3382 676 3463 deberent,
698 3383 777 3468 quin
791 3382 904 3459 immo,
915 3380 1078 3447 (Ecerooe
1093 3386 1192 3459 teste,
1206 3382 1242 3445 in

152 3481 253 3561 Bruto
268 3486 286 3571 §
301 3484 334 3550 8.
349 3492 453 3569 caput
467 3486 550 3551 artis
567 3490 639 3552 erat
654 3486 793 3553 docme:
816 3488 827 3518 ‘
843 3482 1123 3570 quemadmodum
1138 3500 1243 3557 causa

151 3582 278 3652 inferior
305 3585 447 3652 diceudo
475 3586 550 3652 lieri
576 3586 727 3670 superior
751 3586 888 3672 posset'
931 3585 1028 3665 Quot
1051 3585 1131 3650 inde
1150 3582 1243 3651 mala

151 3688 438 3769 proficiscerentur,
451 3689 687 3774 unusquisque
701 3688 802 3754 facile
818 3691 935 3773 potest
947 3687 1141 3770 intelligere.
1185 3684 1243 3751 Li-
1359 3678 1372 3697 ⁰

152 3791 302 3855 cetenim
329 3791 365 3855 id
387 3810 446 3876 per
465 3789 594 3870 ludum,
618 3809 660 3858 ac
682 3792 832 3859 exercitii
854 3810 959 3857 causa
980 3788 1050 3854 lieri
1065 3787 1242 3869 videretur,

152 3888 382 3957 insuescebant
405 3898 516 3958 tamen
537 3893 776 3971 adolescentes,
798 3892 842 3956 de
865 3891 965 3956 rebus
991 3888 1157 3967 omuibus,
1184 3910 1242 3955 ea·

153 3992 281 4059 rundem
318 3999 437 4061 natura
472 3994 608 4060 minime
644 3998 836 4080 perspecta,
865 3998 989 4058 temere
1016 3992 1242 4076 pronuntiare,

154 4111 312 4182 suumque
332 4117 476 4176 sensum,
495 4117 556 4182 per
580 4098 633 4165 las
654 4104 690 4163 et
712 4095 822 4174 udas,
844 4094 921 4161 solo
942 4092 1097 4160 vincendi
1119 4093 1243 4171 studio,

154 4199 360 4278 pecinaciter
374 4199 562 4267 defamem.
609 4202 702 4266 Hinc
724 4197 816 4284 apud
839 4198 1032 4283 plerosque,
1053 4194 1241 4279 hujusmodi
