3034 4900
260 281 282 345 2
711 295 909 350 arrsroua.

261 459 333 507 rum
354 446 455 508 antea
471 459 578 524 reges,
600 445 635 508 at
650 441 744 508 irrito
765 445 898 507 conatu.
942 441 1061 508 Multis
1085 442 1225 528 praeliis,
1247 445 1354 510 multo

261 546 418 629 sanguine
440 543 476 610 id
498 548 593 610 crant
614 545 772 623 assecuti,
794 549 832 609 ut
849 544 988 611 haeresis
1006 545 1171 611 valentior
1182 546 1218 610 in
1231 545 1307 612 dies
1321 555 1357 612 et

261 649 408 732 publicis
432 647 584 714 cladibus
598 646 704 732 major
723 655 921 732 exsurgeret.
961 645 1067 734 ,Nora
1091 648 1207 732 bydrae
1229 649 1356 714 infelici
1476 695 1483 706 .

262 751 375 833 capita
396 754 645 815 succreverantr
669 749 782 814 deerat
800 747 952 828 Alcides,
971 749 1030 833 qui
1051 747 1138 816 banc
1152 757 1277 835 pestem
1292 768 1354 815 ex·

260 852 428 934 tingueret.
474 851 526 917 Eu
549 851 747 916 Lunovrco
765 847 908 915 blusso
921 851 1024 933 gloria
1038 852 1242 918 serrabatur.
1287 850 1357 916 Mi·

260 956 367 1034 nistri,
383 955 521 1039 templa,
536 954 656 1032 edicte,
678 961 796 1020 cetera
807 952 979 1036 religionis
993 953 1187 1024 deformatae
1203 955 1355 1020 subsidia

260 1056 356 1121 nulla
370 1061 464 1122 sunt:
493 1062 525 1122 et
539 1057 604 1121 hoc
618 1057 678 1120 rix
692 1072 761 1118 uno
774 1071 889 1118 meuse
902 1055 1118 1122 absolutum:
1140 1056 1275 1122 sublata
1282 1058 1355 1141 jur-

260 1159 326 1240 gia,
340 1157 537 1241 composite
552 1156 641 1233 lites,
656 1153 770 1219 omnia
782 1153 970 1220 incredibili
980 1158 1126 1222 omnium
1136 1159 1353 1223 consensione

260 1256 719 1344 cttrauquillibateperiecta.
762 1255 817 1320 Ita
831 1253 1071 1324 Constantinus
1083 1264 1117 1326 et
1125 1258 1353 1338 Theodosios,

261 1378 400 1443 quornm
428 1358 547 1424 laudes
570 1356 774 1423 Prudentius
801 1358 1022 1442 persequitur,
1048 1359 1270 1425 Lunovrcos
1293 1381 1354 1444 pa·

259 1457 667 1540 murmurmurmur
688 1457 961 1538 Sunnsrssrrrn,
983 1461 1132 1542 imitatus
1153 1468 1215 1526 est.
1260 1461 1353 1540 Quid

258 1583 333 1631 esse
349 1564 421 1649 jam
445 1581 560 1630 causae
584 1566 695 1648 potest
717 1562 800 1645 quin
817 1562 867 1628 illi
884 1562 1019 1647 prodire
1034 1568 1125 1628 tuum
1139 1563 1175 1627 in
1190 1581 1354 1647 conspec-

258 1671 330 1730 tum
358 1665 514 1747 gestiant,
541 1669 740 1750 sperentque
761 1683 799 1728 se
820 1683 843 1730 a
867 1672 902 1730 te
923 1665 1063 1747 benigne
1083 1670 1261 1747 acceptum
1282 1666 1353 1730 irit

257 1763 401 1832 Videbis
414 1767 469 1832 bic
489 1784 611 1832 eversa
629 1783 692 1850 per
704 1783 767 1830 eos
782 1765 932 1848 profante
951 1763 1200 1848 superstitionis
1215 1764 1354 1848 templa,

256 1865 352 1934 fictas
365 1868 538 1934 numinum
552 1867 712 1950 imagines
732 1865 924 1951 profligatas
949 1871 984 1930 et
1006 1864 1170 1949 abjectas,
1196 1863 1352 1930 Senatum

255 1967 362 2047 illum,
390 1969 510 2036 Reme
535 1968 648 2047 decus,
671 1983 780 2032 rerum
802 1967 997 2045 Dominum,
1019 1967 1064 2034 ab
1083 1966 1189 2052 impio
1202 1967 1295 2034 cultu
1309 1968 1353 2033 ud

254 2089 371 2138 reram
396 2069 606 2155 Religionem
628 2085 834 2135 summorum
858 2067 1104 2154 Imperatorum
1123 2087 1205 2134 cura
1217 2069 1352 2136 traduc-

255 2177 338 2250 tum,
353 2177 387 2238 et
401 2173 569 2254 superbos
582 2172 693 2236 faeces
707 2187 806 2235 cruce
824 2167 948 2234 Christi
962 2175 1064 2253 atque
1080 2169 1267 2236 bumilitate
1279 2191 1353 2238 rnu-

252 2278 390 2338 tuntenr.
435 2270 665 2336 bunovruun
679 2269 1351 2353 miubugnosees,nuj1usortitudinem,

254 2372 486 2452 mandam,
508 2372 720 2458 sapientiam,
742 2370 904 2457 pietatem
924 2371 961 2436 in
974 2390 1089 2437 eorum
1103 2372 1272 2458 depictam
1286 2376 1352 2439 rir-

253 2476 386 2543 tutibue
399 2474 501 2541 laoile
515 2474 751 2559 deprehendes.
794 2473 936 2539 Summo
946 2472 1015 2541 luit
1037 2474 1243 2543 Prudentius
1257 2478 1352 2561 apud

254 2576 439 2645 Arcadium
462 2584 497 2643 et
518 2576 704 2641 Honoriuru
727 2576 765 2640 lu
792 2576 910 2659 pretio,
930 2577 1011 2660 quia
1034 2577 1119 2662 ipsis
1145 2578 1350 2663 exemplum,

253 2679 347 2764 quod
374 2686 604 2764 sequerentur,
626 2680 662 2743 in
681 2675 911 2743 describendis
929 2678 1000 2743 illis
1021 2678 1208 2745 (lotboliom
1223 2679 1351 2763 Religi-

253 2783 329 2847 onis
348 2782 505 2849 berolbus
527 2784 745 2867 proponebat
790 2780 887 2846 Idem
909 2781 971 2848 tibi
995 2800 1164 2847 aninmo
1178 2782 1238 2847 illo
1250 2781 1351 2867 po‘dta

251 2883 461 2965 proponitur.
505 2882 652 2948 Farebis
675 2882 739 2961 illi,
761 2882 895 2967 opinor,
918 2888 954 2948 et
975 2882 1145 2949 bominem
1166 2882 1287 2967 'arganil
1306 2901 1350 2949 ac

248 2984 388 3067 pietatis
403 2984 512 3065 gloria
522 2984 704 3065 domntem,
719 2984 780 3070 qui
794 2984 1007 3068 superiorum
1024 2992 1214 3070 temporum
1228 2984 1352 3069 injuria

250 3086 411 3169 landsper
427 3087 546 3170 Jaouit,
561 3086 714 3169 benigne,
740 3094 779 3152 nt
800 3093 933 3152 ceteros
942 3087 1045 3167 soler,
1058 3089 1229 3172 accipies:
1254 3086 1351 3153 dum·

251 3204 316 3269 que
329 3186 363 3250 iu
378 3204 421 3253 eo
435 3204 487 3251 res
502 3187 789 3273 praeclaregestas
803 3203 1007 3255 summomm
1020 3189 1168 3255 virorum
1186 3187 1350 3253 Gouma-
1478 3241 1479 3250 ,

250 3288 314 3353 tini
341 3292 376 3353 et
399 3287 585 3355 'lbeodosii
612 3290 774 3373 perleges,
811 3288 1008 3354 informabis
1035 3290 1148 3355 animo
1173 3288 1249 3373 jam
1276 3295 1348 3355 tu
1476 3295 1478 3370 J

250 3406 327 3472 quae
356 3388 510 3455 lecturus
539 3410 577 3457 es
600 3392 804 3476 aliquando:
831 3410 910 3457 cum
938 3398 972 3457 te
996 3392 1188 3458 bunorror
1210 3389 1346 3455 blaesi

249 3491 394 3574 ursega
415 3499 626 3576 peponem,
649 3496 741 3560 aare
765 3493 1144 3572 amr-meremus,
1158 3491 1348 3577 prudentia,
1473 3469 1475 3552 l

248 3592 420 3675 religionis
445 3595 557 3663 steno
586 3604 802 3682 prestantem
826 3594 1018 3677 intuebitur,
1043 3604 1079 3661 et
1101 3594 1346 3670 Lunovrcurr,

247 3701 416 3779 parentem
431 3702 523 3763 tuum
546 3698 843 3783 Angustissimum,
865 3705 904 3765 te
924 3698 1139 3784 potissimum
1161 3695 1233 3762 lilio
1247 3694 1345 3779 Mug-

248 3814 330 3862 uum
350 3803 385 3865 et
402 3798 534 3866 ielioem
548 3820 625 3868 esse
639 3800 847 3887 praedicauit
