3034 4900
262 347 309 438 34
710 381 917 432 PRAEFA'l'lO.

266 530 313 596 sit
326 527 474 608 mutilus,
488 526 554 593 boc
568 530 678 592 tamen
692 545 765 611 pras
787 528 907 593 ceteris
927 527 1038 607 babet,
1059 527 1154 612 quod
1175 548 1251 594 cum
1273 532 1362 596 anti·

266 633 439 717 quioribus
455 629 553 708 Mas,
569 649 609 694 ac
630 628 822 695 nominatim
845 649 920 694 eum
945 628 1157 695 celeberrimo
1172 634 1365 697 vetustissi-

265 753 390 818 moque
419 733 490 811 illo,
514 732 571 817 qui
604 731 804 817 Ratisponae
837 732 872 795 in
897 731 933 795 S.
957 731 1123 796 Emerami
1146 733 1363 798 Bibliotheca

267 834 437 920 quondam
463 834 712 911 asservabatur,
738 834 882 898 collatus
904 833 1159 916 diligentissime
1183 834 1293 914 fuerit,
1318 854 1362 899 ac

266 937 392 1022 oppido
407 938 581 1004 convenire
597 937 765 1013 inventus,
779 936 809 1000 si
824 936 955 1020 aliquas
970 936 1066 1018 parvi
1080 937 1241 1002 momenti
1254 938 1364 1003 varie·

266 1043 352 1104 tates
376 1039 540 1122 excipias.
585 1036 626 1102 Id
653 1036 688 1100 in
714 1035 822 1101 fronte
844 1033 984 1101 Codicis
1007 1038 1177 1102 annotavit
1200 1037 1241 1100 P.
1254 1037 1359 1106 ioan.

264 1135 390 1204 Anton.
405 1137 580 1204 Moriettus
595 1157 647 1202 au.
670 1137 767 1203 1618.
783 1135 828 1202 ad
841 1157 938 1222 quem
954 1137 1071 1203 Codex
1087 1139 1150 1203 iste
1165 1140 1362 1222 pertinebat

266 1238 380 1324 Atque
393 1239 481 1306 bunc
497 1239 632 1324 quidem
655 1237 817 1303 Codicem
843 1241 927 1304 tanti
951 1240 1033 1304 tecit
1060 1240 1172 1306 Nicol.
1188 1241 1362 1307 Antonius

268 1339 358 1406 Bibl.
373 1342 440 1407 loc.
457 1362 534 1426 sup.
560 1343 629 1419 cit,
654 1347 690 1406 ut
711 1343 745 1406 in
769 1329 860 1406 votis
883 1343 949 1406 sibi
962 1362 1037 1408 esse
1053 1330 1190 1422 dixerit,
1205 1344 1276 1409 dari
1299 1345 1363 1410 ali-

267 1463 376 1527 quem,
398 1445 455 1528 qui
470 1444 618 1510 studiose
634 1442 875 1528 diligenterque
890 1443 1052 1510 Codicem
1067 1447 1293 1530 perlustraret,
1308 1468 1363 1512 ra-

270 1550 325 1609 tus
352 1547 388 1611 id
410 1548 446 1612 in
468 1549 632 1630 ingentem
656 1544 780 1612 Poiitae
798 1549 902 1612 nostri
922 1548 1103 1614 utilitatem
1124 1548 1363 1612 derivatorum.

267 1645 343 1712 Nec
359 1667 437 1713 vero
452 1650 704 1734 praetereundus
728 1656 782 1715 est
805 1649 937 1730 Codex,
951 1651 1039 1715 inter
1053 1648 1258 1715 Urbin-Vat.
1271 1669 1363 1714 num.

266 1749 343 1814 666.
367 1770 468 1834 quem
493 1752 604 1816 Lucas
628 1751 832 1815 Holstcnius
850 1752 969 1817 laudat
991 1751 1136 1816 Dissert.
1158 1749 1202 1815 de
1217 1750 1363 1816 Veribus

267 1849 389 1915 Diuum
404 1851 581 1936 Ephesiae3
604 1872 685 1936 narn
704 1853 786 1919 licet
804 1854 1049 1937 posterioribus
1061 1852 1266 1935 temporibus
1279 1874 1362 1921 exa·

266 1959 360 2020 ratus
375 1955 431 2035 sit,
441 1955 639 2021 nitidissime
649 1961 805 2022 tamenet
819 1955 989 2039 eleganter
997 1955 1178 2020 admodum
1190 1958 1363 2040 conscrip

266 2059 320 2120 tus
335 2064 399 2136 est,
413 2059 447 2123 iu
462 2077 658 2142 pergamena
673 2059 932 2142 expolitissima,
948 2077 1026 2123 cum
1045 2056 1155 2120 literis
1178 2057 1363 2123 initialibus
1485 2073 1488 2078 ·

264 2159 369 2224 minio
383 2165 417 2226 et
430 2179 510 2225 auro
531 2161 712 2245 expressis,
736 2179 778 2226 ac
794 2161 906 2243 figuris
920 2159 1109 2243 aliquorum
1126 2157 1323 2243 Martyrum,
1340 2179 1363 2224 a

266 2257 448 2325 Prudentio
461 2259 714 2338 celebratorum,
738 2261 1013 2325 artificiosissime
1038 2261 1230 2325 elaboratis.
1273 2260 1363 2326 Lon·

265 2379 346 2444 gum
359 2367 449 2427 esset
462 2362 601 2426 forsitan
615 2372 651 2427 et
665 2382 950 2447 supervacaneum
972 2361 1015 2427 de
1040 2363 1160 2427 ceteris
1185 2364 1362 2447 incompa-

264 2464 379 2530 rabilis
392 2464 491 2548 hujus
507 2463 729 2531 Bibliotheca
744 2464 830 2530 Mss.
845 2463 1016 2529 Prudentii
1039 2465 1146 2529 Codd.
1170 2464 1362 2547 singillatim

267 2562 445 2631 disserere.
489 2565 568 2631 Hoc
597 2572 686 2631 certe
717 2564 872 2631 affirmari
899 2584 1001 2648 posse
1025 2564 1164 2643 videtur,
1194 2566 1362 2630 consultis

260 2666 457 2751 jampridem
474 2688 532 2753 per
545 2668 728 2735 Woituium
749 2675 786 2733 et
807 2667 988 2733 Heinsium
1009 2666 1207 2746 (lodicibus,
1221 2664 1363 2732 Vatica-

265 2786 384 2833 uorum
397 2770 497 2834 modo
512 2772 707 2837 accessione
721 2771 823 2848 lacta,
845 2768 929 2833 nibil
953 2768 1048 2833 aliud
1068 2768 1133 2833 bac
1148 2768 1183 2831 iu
1198 2775 1294 2852 parte
1310 2788 1362 2833 re·

265 2869 385 2954 linqui,
399 2870 492 2953 quod
508 2872 553 2936 sit
566 2890 770 2957 magnopere
787 2871 1054 2937 desiderandum.
1097 2869 1140 2934 Id
1154 2869 1360 2953 quodetiam

266 2972 365 3038 nobis
379 2974 413 3038 in
428 2990 532 3037 causa
543 2971 620 3051 fuit,
635 2980 674 3037 ut
695 2971 811 3038 Vatic.
834 2970 1020 3036 (lodicibus
1034 2971 1254 3056 perlustratis,
1271 2972 1360 3037 alios

266 3092 335 3139 non
357 3074 607 3158 requireremus.
652 3073 806 3139 Ceterum
829 3074 872 3138 de
896 3080 1011 3138 nostro
1038 3074 1140 3138 iniis
1164 3074 1361 3138 evolvendis

264 3176 390 3252 labore,
405 3195 446 3241 ac
461 3175 583 3255 studio,
597 3176 706 3259 deque
728 3175 840 3241 fructu
862 3176 1022 3259 prasenti
1037 3176 1115 3240 buic
1130 3174 1281 3241 Editioni
1296 3177 1357 3240 ob·

266 3281 415 3355 venturo,
439 3278 588 3344 nonnihil
610 3278 718 3347 infra:
755 3277 856 3345 modo
884 3276 1070 3358 Editiones,
1094 3296 1171 3363 quae
1191 3282 1359 3361 spectant,

265 3370 448 3445 iideamus.

702 3598 863 3664 cAPU'r
883 3596 929 3662 V.

677 3732 728 3797 De
741 3730 949 3799 Editiorridus.

266 3888 532 3953 Munrrrnrcns
550 3885 723 3951 Pmdentii
748 3883 894 3970 Operum
916 3885 1101 3964 Editiones,
1126 3884 1263 3970 inipso
1288 3892 1360 3951 sta·

264 3988 324 4052 tim
338 3988 608 4074 Typographicre
620 3989 700 4055 artis
715 3988 811 4057 initio
826 3990 1009 4067 edomata,
1022 4005 1063 4052 ac
1076 3994 1195 4070 postea
1207 3986 1360 4070 pluribus

265 4089 299 4154 in
322 4089 409 4155 locis
422 4092 587 4173 repetita,
611 4097 736 4175 quanta
762 4091 886 4156 suerint
900 4090 999 4176 bnjus
1020 4090 1202 4174 Scriptoris
1225 4086 1359 4171 legendi

263 4188 571 4259 studiadeclarant.
617 4190 773 4257 Omnium
794 4190 1027 4276 antiquissima
1046 4190 1120 4276 jure
1142 4191 1286 4255 babetur
1305 4206 1357 4266 ea,
