3034 4900
570 427 778 478 PRECATIO.

409 565 440 632 0
457 567 586 634 Christe
601 567 733 635 Numen
747 570 892 672 pnicum,

406 668 438 732 0
455 670 624 752 splendor,
639 690 660 734 o
677 670 783 734 virtus
799 671 921 750 Patris,

410 769 440 835 Ο
458 771 582 836 Faotor
595 773 688 835 orbis
704 777 736 835 et
750 772 832 855 poli.

130 901 355 968 Communiter
385 903 504 970 Patres
532 925 575 968 ex
603 925 644 969 eo
674 905 762 988 quod
789 906 823 968 iu
862 907 917 970 cit.
955 903 1113 990 Apostoli
1142 909 1220 975 loco

132 1004 235 1068 Filius
260 1003 385 1070 dicitur
400 1005 590 1088 ‘Splendor
613 1005 726 1088 gloriae
750 1005 879 1070 Patris’
900 1008 1081 1072 ostendunt
1101 1030 1176 1074 eum
1200 1031 1221 1076 a

131 1105 229 1169 Patre
245 1107 442 1190 procedere,
463 1116 497 1172 et
519 1108 649 1191 quidem
665 1109 709 1172 ab
728 1116 861 1173 aeterno.
904 1107 970 1172 Sed
983 1109 1069 1174 banc
1084 1130 1221 1193 proces-

130 1207 272 1284 sionem,
286 1210 531 1290 generationem
547 1227 635 1286 esse,
658 1209 707 1272 ita
729 1207 857 1274 Noster
870 1209 1002 1274 disertis
1016 1213 1125 1277 verbis
1136 1212 1221 1277 affir-

130 1314 196 1372 mat
207 1308 399 1392 Peristepb.
415 1309 541 1392 Hymn.
557 1325 597 1373 x.
610 1329 663 1376 vs.
678 1309 755 1374 319.

214 1440 301 1506 Cum
314 1441 424 1506 lumen
438 1450 528 1508 esset
541 1443 672 1526 [Pater]
687 1443 797 1510 lumen
812 1443 929 1510 effudit
942 1465 1048 1525 suum,

215 1543 273 1608 Ex
286 1544 362 1609 luce
377 1545 486 1628 fulgor
502 1554 616 1625 natus,
628 1547 682 1612 hie
696 1552 749 1612 est
764 1546 883 1611 Filius.

131 1673 215 1738 Tum
232 1674 437 1742 Praefatione
452 1677 486 1741 in
502 1676 630 1760 Apotb.
644 1679 717 1744 init.
731 1679 802 1744 sic:

214 1789 328 1856 Corde
344 1791 456 1856 Patris
471 1795 586 1875 genite
599 1799 651 1859 est
663 1791 851 1877 Sapientia,
863 1796 967 1861 Filius
982 1798 1057 1883 ipse
1071 1806 1137 1863 est.

133 1915 365 1982 Omnimodam
395 1937 471 1983 eum
501 1919 602 1985 Petre
631 1919 860 2004 aequalitatem
891 1923 941 1986 sic
962 1925 1115 2005 agnoscit
1136 1923 1221 1988 ibid.

136 2036 186 2085 vs.
201 2021 235 2084 4.
1289 2025 1293 2032 ’

193 2137 361 2220 Tempore
375 2157 436 2202 nec
451 2137 563 2202 senior
577 2139 678 2203 Pater
695 2145 756 2216 est,
778 2160 838 2204 nec
853 2140 998 2205 Numine
1012 2140 1138 2225 major;

196 2237 288 2302 Nam
302 2240 436 2322 sapiens
451 2247 539 2304 retro
554 2259 686 2323 semper
702 2240 796 2305 Deus
810 2240 914 2306 edidit
927 2261 972 2307 ex
985 2263 1021 2306 se

199 2387 207 2404 .
223 2388 232 2403 .
249 2386 280 2404 ..
296 2337 461 2406 Verbum.

32 2530 33 2553 ,
134 2475 218 2540 Eum
234 2495 304 2540 non
312 2475 448 2555 factum,
460 2476 518 2541 sed
528 2478 684 2560 genitum,
693 2478 753 2542 sed
762 2485 890 2557 natum,
904 2478 998 2543 Patri
1008 2485 1223 2557 coeternum,

134 2576 290 2641 Animum
314 2578 438 2657 Patris,
461 2580 527 2645 Dei
551 2580 769 2645 certissimam
790 2574 919 2663 prolem
937 2590 1039 2646 vocat
1053 2580 1088 2643 in
1101 2578 1226 2663 Apotb.

134 2699 203 2745 ves.
230 2680 283 2745 89.
308 2680 384 2747 792.
408 2688 443 2745 et
464 2679 566 2745 Prret.
589 2682 622 2744 in
645 2680 824 2763 Psyebom.
837 2680 951 2746 vado.
994 2680 1085 2743 Haeo
1108 2681 1227 2762 ntique

134 2782 217 2847 satis
232 2800 308 2845 esse
322 2786 470 2865 possent.
524 2780 591 2844 Sed
615 2801 691 2864 quae
712 2779 838 2863 Apotb.
854 2781 912 2847 lib.
926 2780 1026 2845 babet
1042 2799 1064 2844 a
1079 2798 1129 2843 rs.
1148 2780 1225 2845 239.

136 2882 178 2949 ad
191 2882 268 2947 289.
282 2889 350 2947 tam
365 2889 486 2965 aperte,
511 2888 580 2946 tam
598 2882 721 2959 solide,
744 2891 898 2947 aeternam
915 2881 996 2946 Filii
1010 2881 1076 2945 Dei
1091 2900 1113 2943 a
1125 2879 1227 2944 Patre

136 2983 345 3049 nativitatem
359 2984 564 3061 annuntiant,
578 3003 619 3049 ae
635 2984 842 3061 confirmant,
865 2991 903 3048 ut
915 2985 949 3047 ni
971 2982 1153 3065 prolixitas
1166 2982 1227 3045 ob

136 3090 248 3161 staret,
261 3084 387 3165 integre
402 3083 457 3148 bio
474 3084 722 3149 transcribenda
743 3083 859 3149 forent.
903 3084 944 3148 In
969 3084 1012 3146 iis
1027 3084 1127 3159 enim,
1147 3101 1228 3148 con·

137 3193 188 3249 tra
212 3185 436 3265 sabellianos,
458 3186 611 3252 consulto
630 3188 752 3270 probat
768 3187 879 3251 Deum
894 3187 1028 3251 Patrem
1041 3203 1109 3249 noo
1123 3202 1228 3267 posse

136 3288 238 3351 talem
260 3287 338 3365 dici,
361 3287 427 3351 nisi
449 3306 582 3371 semper
609 3288 731 3353 Filium
757 3287 920 3365 babuerit,
945 3305 1044 3369 quem
1066 3284 1227 3368 Symbolo

137 3388 275 3454 ‘Deum
295 3388 337 3452 de
362 3388 448 3467 Deo,
472 3389 601 3454 Lumen
622 3388 663 3454 de
685 3388 844 3454 Lumine'
865 3396 984 3467 vocat3
1007 3387 1090 3471 quin
1114 3389 1228 3471 ipsum

137 3489 362 3571 generationis
384 3488 531 3571 modum,
546 3497 704 3574 quantum
719 3491 766 3554 rei
781 3488 969 3555 sablimitas
988 3495 1090 3572 atque
1103 3488 1228 3551 incom-

137 3590 400 3673 prehensibilitas
423 3591 555 3674 patitur,
576 3590 715 3674 inquirit
738 3596 771 3654 et
791 3590 951 3673 explicat.
996 3588 1122 3653 Iocum
1140 3586 1228 3652 hune

140 3712 180 3755 ne
192 3692 329 3759 omittas
343 3692 445 3771 adire,
459 3712 501 3758 ac
519 3694 570 3758 vel
585 3711 746 3757 summam
759 3691 883 3757 Clerici
894 3690 1078 3767 inscitiam,
1086 3687 1142 3753 vel
1154 3686 1228 3751 nnl-

32 3872 33 3889 .
140 3793 206 3859 lam
221 3797 309 3858 certe
324 3793 423 3858 tidem
438 3794 539 3877 plane
554 3793 792 3879 deprehendes.

181 3892 304 3959 Adbuc
326 3900 440 3960 antem
460 3895 605 3982 ineptius
630 3895 757 3962 Censor
776 3897 830 3961 bic
859 3894 1001 3959 Poiitam
1020 3894 1169 3955 noenum
1193 3891 1229 3957 in

142 3992 405 4077 Pythagoreismi
419 3997 471 4062 vel
487 3996 718 4063 Maniobeismi
733 3996 957 4080 suspicionem
969 3997 1080 4068 vocat,
1105 3991 1230 4074 quoda

142 4095 294 4159 carnibus
309 4097 542 4163 abstinentiam
551 4096 833 4164 commendaverit
843 4093 1093 4159 Cathemerinon
1105 4092 1229 4177 Hymn.

145 4208 200 4258 ιιι.
235 4194 363 4261 Eadem
378 4198 466 4262 enim
481 4204 561 4264 nota
576 4200 724 4284 plerique
739 4191 809 4265 r'et·
831 4194 999 4263 Ecclesiee
1022 4194 1142 4262 Patres
1156 4194 1230 4257 inn-
