3034 4900
582 427 820 479 enornnosre.
1175 415 1239 479 6⁰9

155 553 289 627 Decidit
302 562 337 628 in
351 560 468 629 vitium
482 568 685 648 persordida
699 570 825 635 foedera
839 550 957 636 curnis.
1174 571 1238 634 910

155 661 244 725 Exin
259 665 359 729 tincto
372 666 459 729 maio
473 669 663 748 peccamine
676 671 836 754 principis
851 669 950 752 Adue,

155 759 279 827 Infecit
292 783 395 844 genus
410 785 507 830 omne
519 768 699 845 hominum,
713 770 802 851 quod
818 771 960 853 pullulat
973 771 1064 834 inde:

154 860 199 924 Et
211 868 295 928 tenet
308 866 470 945 ingenitus
485 867 668 932 animorum
682 870 819 934 intentio
834 872 868 934 in
884 877 956 935 ortu

155 959 259 1024 Primi
274 962 416 1028 hominis
430 967 588 1042 macules,
599 986 662 1031 nec
677 970 853 1050 quisquam
869 972 1014 1035 noscitur
1028 971 1151 1034 insons.

155 1060 321 1127 vitandus
337 1070 444 1129 tomen
460 1085 548 1131 error
565 1068 637 1144 erit,
651 1087 692 1131 ne
707 1071 843 1135 traduce
856 1073 966 1135 cernis
1174 1072 1239 1136 915

154 1162 354 1228 Transiuudi
363 1165 398 1228 in
412 1166 561 1231 sobolem
576 1168 726 1232 credetur
740 1168 815 1232 sons
831 1173 1013 1234 animarum

156 1264 335 1344 Sanguinis
345 1267 514 1348 exemplo,
529 1269 584 1331 cui
595 1275 690 1333 texte
703 1272 885 1352 propagine
900 1291 983 1335 veno
997 1279 1059 1336 oet.

157 1363 235 1428 Non
249 1366 378 1429 animae
391 1366 511 1431 nuirnae
523 1356 665 1450 pariunt,
680 1368 739 1432 sed
750 1370 822 1451 iege
835 1370 952 1435 latenti

150 1509 221 1570 fecte
230 1514 326 1573 meede,
335 1514 401 1576 iopen
411 1520 446 1563 eet
456 1515 483 1562 ie
492 1521 610 1577 peccem
617 1529 661 1578 per
676 1518 899 1576 coagmentationem
912 1517 990 1566 enreie
1001 1517 1111 1566 eordidae.
1146 1518 1242 1568 Exinde

150 1574 245 1650 sedete
263 1583 356 1638 peeeete
368 1579 444 1637 feteii
464 1577 526 1627 Adue
541 1579 656 1641 principie
675 1579 808 1642 inquinent
828 1595 907 1630 omnes
926 1581 1037 1640 iumine,
1057 1583 1097 1643 qni
1114 1588 1241 1632 manetur

158 1639 258 1712 derndu
273 1643 296 1688 et
306 1641 391 1688 minen
404 1647 522 1690 emente·
532 1641 636 1705 efferent
646 1643 671 1691 ie
682 1648 737 1690 erte
746 1644 820 1692 inient
829 1643 901 1706 prinei
914 1645 1012 1692 inmieie
1029 1645 1152 1702 iunctm
1168 1647 1244 1694 entier

157 1707 264 1750 uenter
279 1703 397 1754 inuereee.
430 1705 516 1754 Temen
531 1719 597 1754 emor
612 1707 659 1754 eru
671 1704 828 1769 effugiendo,
837 1722 867 1756 ee
876 1711 996 1756 credemur
1004 1708 1144 1770 principium
1154 1709 1245 1757 enimn·

157 1778 211 1812 ruer
221 1766 355 1826 meeseedi
365 1772 460 1816 testere
468 1768 548 1817 nenia
556 1769 582 1816 in
592 1769 684 1824 dinen
694 1775 722 1817 et
731 1772 830 1830 menie
840 1771 1021 1830 mulcedine,
1031 1772 1070 1818 eei
1085 1786 1143 1820 nene
1153 1777 1245 1820 etruete

157 1832 193 1876 eet
204 1831 374 1890 Μινωίου.
405 1832 498 1881 Aniena
507 1846 554 1880 nee
562 1837 678 1892 gennem
692 1831 792 1897 eninm,
802 1836 843 1883 red
854 1833 1087 1897 netere,1e3enoiie
1100 1835 1191 1897 ignote
1201 1837 1243 1885 ier·

613 1956 793 1978 nonomen

158 2032 264 2086 edeeet
279 2035 394 2086 9.-992
410 2039 525 2089 viverem
542 2039 571 2089 F.
583 2040 632 2102 Eg.
649 2041 759 2091 tt.-orr
782 2041 853 2091 Enim
863 2041 923 2091 Put.
935 2042 972 2091 eie
989 2049 1015 2091 et
1031 2040 1185 2090 erint-oro
1200 2057 1245 2104 que

648 2150 755 2200 NO'i'AE

191 2244 239 2292 911
256 2241 309 2292 Nee
326 2243 446 2307 etnim
465 2243 571 2293 eneeitrrr
591 2245 682 2308 imur]
723 2245 816 2294 teinem
826 2245 947 2308 amplexi,
961 2243 1154 2307 docueruntque
1165 2243 1246 2292 ineter

158 2317 283 2381 Peiegine
298 2319 430 2382 {priorque
449 2321 553 2368 ueeete
571 2320 645 2383 prinri
656 2321 683 2368 in
723 2333 859 2382 corporum
878 2333 911 2368 ex
930 2319 1081 2382 corporibue
1099 2318 1195 2367 euimne
1214 2333 1246 2366 ex

158 2392 324 2443 nereentibne
341 2392 427 2456 pueris
443 2393 539 2442 nnlinnr
555 2407 612 2442 eeee
624 2407 683 2457 pen·
723 2394 854 2444 entmebne
866 2393 1012 2458 propegeri.

159 2476 245 2517 cetum
262 2466 460 2531 contenderunt,
479 2473 557 2531 etque
579 2468 684 2517 imitati·
755 2472 805 2517 918
829 2468 885 2517 Noe
910 2468 1000 2517 enim
1031 2468 1115 2515 enimn
1139 2464 1248 2528 perient]

159 2556 210 2593 one
220 2550 320 2591 tentum
332 2540 424 2591 Adonei
436 2552 571 2604 peccorum
586 2543 614 2591 io
625 2557 684 2605 poe-
724 2541 899 2593 Queretiouem
921 2541 952 2590 de
976 2540 1118 2589 enimnrum
1140 2538 1248 2601 origiue,

159 2624 229 2666 teron
241 2617 400 2679 treneirieee,
410 2617 609 2681 qnembnreeim
621 2620 684 2666 mni·
725 2614 794 2677 qnod
810 2614 938 2677 Origenes
955 2613 1090 2663 detineret
1108 2612 1204 2661 enimee
1222 2614 1248 2661 in

159 2691 194 2741 tie
205 2692 232 2740 in
242 2692 307 2741 tocie
318 2689 415 2741 refutet
430 2691 598 2755 Argennon
632 2694 686 2742 De·
724 2690 791 2739 eoelo
802 2690 869 2738 nient
886 2687 1001 2750 Angelos
1020 2700 1152 2751 peteme,
1170 2695 1248 2751 etque

158 2765 222 2815 inde
242 2779 302 2815 vero
321 2765 501 2829 iliud-dogma
521 2766 553 2814 eb
571 2766 686 2817 Eceteeie
724 2764 784 2813 iden
803 2764 829 2811 in
846 2776 955 2826 corpore
973 2763 1006 2812 ed
1020 2762 1141 2811 luendum
1152 2763 1248 2826 enppli-

160 2840 294 2890 definitum
315 2850 356 2890 ert
371 2847 401 2890 et
425 2841 612 2890 eonetitntnm=
632 2842 641 2869 ⁴
657 2842 686 2891 81
725 2839 793 2887 cinm
811 2845 929 2901 tanquam
946 2838 972 2887 in
988 2851 1119 2887 cernerem
1137 2837 1249 2898 demitti,

159 2916 219 2980 qnie
238 2914 303 2965 Aue
316 2914 554 2978 pmeencedenem
566 2915 615 2963 eibi
629 2916 686 2977 eoii,
725 2914 807 2963 movit
819 2913 925 2979 Oroeioe
944 2914 1089 2977 preebyter,
1106 2920 1184 2976 etque
1198 2912 1250 2962 Au-

162 2998 191 3041 et
207 3004 259 3039 nou
276 2989 334 3052 ejne
350 2990 486 3052 propagini
503 2990 594 3038 ruerit
608 3002 686 3037 nocn-
726 2988 853 3050 guednnm
868 2989 1005 3050 comninit,
1020 2990 1062 3053 qni
1082 2989 1202 3037 Omnium
1216 2987 1249 3037 ed

161 3066 224 3120 ieee.
235 3071 263 3113 et
272 3070 408 3128 ecceptem
421 3079 437 3112 e
454 3066 514 3113 Deo
523 3064 686 3113 nnetimem
727 3062 914 3125 Hieronymum
925 3063 993 3111 mitit
1005 3077 1071 3111 enno
1083 3063 1179 3112 christi
1191 3067 1248 3111 dit.

162 3146 191 3188 et
199 3139 340 3202 jnetitiem,
355 3153 429 3202 qnenr
439 3138 565 3203 perdidit,
578 3139 627 3187 eibi
639 3139 687 3187 eoii
726 3134 899 3199 Hieronymue
917 3135 996 3185 eemei
1013 3144 1089 3197 etque
1101 3136 1206 3194 iterum,
1216 3148 1249 3184 ne

162 3221 190 3263 et
202 3228 253 3263 non
270 3214 342 3263 nobie
359 3216 437 3264 etiem
453 3229 511 3263 eem
526 3213 682 3277 perdidieee:
727 3214 778 3257 tem
790 3210 915 3272 ineignem
933 3208 1064 3258 doctorem
1076 3208 1170 3258 docere
1181 3208 1250 3257 ride·

163 3296 209 3336 not
220 3287 380 3351 inquientem
399 3288 469 3336 iiten
483 3301 530 3349 pen
540 3286 688 3337 inobedien·
727 3291 809 3344 retur,
819 3284 883 3343 eive,
894 3288 923 3333 ut
934 3285 987 3346 ipee
1003 3283 1048 3345 eit,
1064 3297 1104 3345 ne,
1117 3284 1138 3333 ei
1149 3284 1251 3333 diverte

161 3363 208 3411 tin
218 3370 364 3424 petentum,
373 3371 483 3412 mortem
492 3371 522 3412 et
533 3376 621 3424 penne
631 3376 687 3411 coe·
726 3361 794 3410 inter
805 3374 832 3409 ee
847 3360 982 3417 sentirent,
1000 3362 1129 3410 heretieie
1146 3360 1251 3409 deretur

162 3436 235 3500 petie
253 3443 352 3486 tentem
369 3437 395 3486 in
411 3450 487 3485 omne
502 3451 583 3500 geone
599 3437 688 3485 horne·
727 3436 830 3485 eceueio
840 3434 1002 3497 demetendi,
1012 3434 1166 3485 eentenriern
1181 3434 1250 3483 ferre

163 3523 224 3560 nom
239 3509 417 3571 trenet'odiree,
432 3516 577 3558 nocentem
588 3517 616 3560 et
627 3525 688 3573 pec·
727 3510 876 3573 denegavit.
909 3510 961 3559 sed
979 3510 1082 3559 tendere
1100 3510 1183 3558 ricton
1196 3507 1250 3558 An·

163 3594 262 3647 cetum,
272 3587 340 3650 qnod
350 3600 418 3635 neore
426 3593 467 3635 eet
475 3584 576 3641 enimn,
585 3587 689 3633 eontine-
727 3584 967 3647 perrumpendum,
989 3584 1104 3632 ‘enimee
1124 3596 1213 3631 recent
1235 3596 1251 3629 e

164 3660 269 3709 metit!
727 3660 787 3707 Deo
797 3660 887 3719 erenei,
898 3657 1084 3722 etqneinfuodi
1092 3657 1251 3719 corporiboe'

195 3737 245 3783 ote
262 3733 302 3782 Ne
312 3732 505 3795 trndeeeeereie]
522 3732 598 3781 Herrc
607 3731 689 3785 hute-
728 3731 836 3781 decidit.
874 3730 1001 3794 Inonem
1021 3730 1167 3793 opinionem
1187 3730 1252 3780 ebiit

166 3809 214 3858 eim
237 3809 398 3858 Tertullieno
421 3806 555 3857 uenient
575 3806 689 3870 notione,
729 3804 895 3867 Anguetinue,
911 3813 940 3854 et
959 3806 982 3854 ei
1003 3804 1170 3853 edreruntee
1191 3818 1253 3866 qun·

166 3884 275 3935 Hieron.
294 3894 322 3934 et
346 3883 456 3947 dogunt.
497 3882 691 3947 Consequenter
729 3886 788 3930 tuor
806 3878 877 3929 iibrie
897 3878 1075 3942 propugneeir.
1108 3878 1251 3941 Gregorio·

167 3966 253 4009 entem
269 3960 365 4009 emerit
381 3961 412 4020 ie,
428 3958 471 4022 qni
489 3958 586 4006 enimn·
599 3971 689 4021 corpo·
728 3956 875 4018 steoingue
884 3968 964 4018 eupre
973 3960 1076 4015 ceptum
1086 3959 1166 4016 etque
1177 3953 1254 4003 intel·

166 4046 225 4082 rene
245 4046 304 4082 eeee
326 4041 354 4082 et
382 4034 508 4082 coloretne
533 4031 689 4083 eredideeet.
728 4030 858 4093 tinentinnr
870 4030 1005 4078 humenem
1022 4028 1253 4077 e'eeeexietimnee-

168 4107 372 4169 Apollinei-inte,
383 4105 547 4167 Lectionum,
554 4113 632 4170 etone
639 4108 690 4156 En·
729 4114 780 4167 ret,
791 4120 822 4154 ec
833 4104 895 4169 quid
904 4102 1025 4153 definiret
1032 4110 1102 4152 totne
1111 4103 1255 4166 ntnbiguue,

166 4181 279 4231 uenient
296 4182 545 4232 Tertotiienieternm
561 4186 620 4231 eunt
630 4179 691 4232 doe·
730 4193 785 4231 rem
796 4179 920 4243 integrent
936 4179 1005 4240 Deo,
1021 4178 1064 4241 qui
1075 4176 1144 4240 ipene
1154 4178 1253 4227 ereneir
