3034 4900
289 407 356 470 tao
636 425 819 472 nassonia
846 425 1049 474 neesson.

292 562 432 621 Sanctum
448 582 508 623 non
524 573 630 624 natura
651 565 757 633 solnm,
774 564 827 624 sed
842 565 928 624 etiam
943 566 1074 626 Persona
1089 587 1189 638 unuin,
1205 578 1235 626 et
1252 571 1392 649 siugula-
1499 597 1500 618 t

291 677 439 717 remeses
463 658 558 717 Deum
580 660 725 720 asseruit:
746 660 782 718 iis
807 661 965 738 Scriptura
990 663 1081 746 fretus
1107 663 1293 736 testimoniis,
1316 687 1389 744 quae
1499 745 1500 750 η

292 753 390 830 plnres
408 772 474 813 esse
495 765 606 832 negant
624 753 714 815 Deos.
757 753 843 814 Unde
866 764 912 813 est
925 774 1121 834 consequens,
1136 757 1253 817 Patrem
1274 761 1389 839 ipsum,

291 858 324 906 ut
348 857 379 907 et
400 850 541 926 Spiritum
559 852 713 923 Sanctum,
726 870 856 924 carnem,
871 869 906 910 ao
928 862 1048 912 mortem
1064 853 1199 912 subiisse.
1241 853 1333 920 Quod
1355 867 1388 917 et
1499 843 1500 856 ¹

291 943 372 1002 illum
387 963 571 1006 asseverasse
585 945 684 1024 prodit
694 945 878 1025 Epiphanius
890 966 969 1006 num.
985 949 1014 1004 2.
1055 947 1182 1008 Noetum
1194 948 1273 1008 huuc
1287 951 1388 1027 patria

291 1041 475 1119 Smyrnteum
496 1041 568 1100 iacit
588 1041 791 1101 Theodoretus
813 1042 842 1099 in
857 1041 909 1100 lib.
923 1045 952 1101 3.
967 1041 1005 1100 de
1020 1041 1131 1103 Haeret.
1145 1052 1175 1102 et
1187 1044 1225 1102 ab
1246 1043 1386 1124 Epigono

212 1171 217 1180 ·
291 1135 420 1213 quodam
434 1137 527 1214 primo
541 1135 663 1196 hreresis
678 1146 808 1208 auctore,
819 1155 854 1195 ao
868 1136 1013 1216 discipulo
1028 1137 1114 1216 hujus
1130 1137 1289 1197 Cleomene
1301 1138 1385 1200 illam

291 1232 441 1310 accepisse
455 1231 561 1311 prodit.
601 1232 679 1300 Quia
692 1239 761 1290 uero
775 1231 907 1310 ejusdem
929 1233 1094 1311 patrocinio
1108 1232 1254 1311 dogmatis
1277 1235 1385 1300 Sabel-

289 1329 345 1388 lius
360 1327 467 1388 deinde
482 1326 635 1399 successit,
648 1347 667 1385 a
686 1346 746 1404 qno
768 1325 926 1386 Sabelliani
953 1337 1047 1386 ortum
1072 1347 1228 1406 accepere:
1249 1349 1309 1410 quo
1326 1349 1385 1398 no-

290 1424 368 1482 mine
388 1434 469 1483 scota
484 1422 534 1482 ille
556 1424 650 1482 notior
674 1434 730 1494 est,
755 1440 843 1500 quam
867 1421 1153 1495 No'e'tianorum,aut
1174 1423 1307 1496 aliorum,
1331 1426 1385 1504 qui

289 1539 356 1579 cam
370 1517 552 1580 docuerunt:
575 1517 612 1577 de
626 1518 673 1576 his
687 1517 726 1578 sit
739 1518 821 1578 satis.

697 1769 745 1815 os
771 1755 980 1816 ourourrrs.

291 1925 443 1984 Seuerus
458 1925 676 1984 Aucusrruus
692 1924 764 1983 libro
780 1922 817 2008 de
833 1923 944 1982 Haeret.
960 1924 997 1983 ed
1012 1924 1164 1992 Quodvnlt
1178 1925 1379 1998 Deum,Hoer.

288 2024 339 2081 41.
355 2023 485 2094 miratur,
500 2021 695 2101 Epiphanium
710 2020 784 2080 duas
805 2040 841 2082 ex
857 2041 916 2082 una
932 2023 1035 2083 fecisse
1052 2021 1192 2093 hoereses,
1207 2040 1242 2080 ac
1258 2021 1381 2080 Nostia·

289 2135 343 2175 uos
359 2137 376 2175 a
391 2117 565 2177 sabellianis
580 2117 761 2176 distraxisse.
792 2117 950 2178 ‘Noiitiani
962 2117 1058 2190 enim,'
1068 2117 1173 2194 inquit,
1188 2115 1379 2175 ‘difficillime

288 2213 326 2271 ab
341 2214 440 2290 aliquo
455 2215 602 2273 sciuntur:
625 2201 783 2270 Sabelliani
798 2225 894 2272 autern
906 2214 1014 2272 suntin
1029 2231 1081 2270 ore
1092 2212 1258 2270 multorum.
1302 2211 1380 2269 Nam

286 2318 317 2367 et
337 2308 507 2366 Praxeanos
531 2328 549 2367 a
569 2306 683 2365 Praxeas
704 2305 823 2384 quidam
841 2318 967 2374 vocant;
989 2317 1018 2366 et
1040 2303 1267 2383 Hermogeniani
1281 2307 1378 2364 uocari

287 2405 326 2464 ab
350 2404 537 2484 Hermogene
559 2413 734 2482 potnerunt;
764 2404 816 2483 qui
842 2403 971 2464 Praxeas
996 2411 1026 2463 et
1046 2401 1249 2481 Hermogenes
1275 2399 1378 2460 eadem

288 2501 448 2561 sentientes
464 2501 492 2559 in
511 2500 610 2558 Africa
629 2499 719 2557 luisse
742 2499 890 2559 dicuntur.
933 2500 997 2559 Neo
1010 2508 1108 2559 tamen
1122 2499 1188 2557 istae
1199 2498 1299 2575 plures
1314 2516 1377 2556 sec·

287 2608 325 2655 tae
341 2606 420 2668 sunt,
435 2586 487 2656 sed
510 2596 598 2653 unius
618 2605 708 2654 sectae
731 2595 816 2673 plura
842 2596 961 2655 nomina
981 2616 1018 2655 ex
1032 2595 1066 2654 iis
1087 2594 1266 2665 hominibus,
1279 2592 1328 2672 qui
1347 2592 1376 2651 iu

286 2710 322 2751 ea
343 2693 467 2751 maxime
489 2690 699 2750 innotuerunt!
740 2692 844 2771 ltaque
866 2703 938 2770 puto
961 2690 1153 2750 Prudentium
1168 2688 1272 2749 eadem
1286 2688 1375 2747 luisse

285 2785 434 2862 opinione,
449 2806 545 2865 neque
566 2806 629 2858 eas,
642 2795 676 2844 ut
697 2797 777 2845 recte
798 2797 882 2845 notat
908 2786 1060 2856 Heinsius,
1083 2795 1223 2861 tanquam
1245 2780 1375 2842 diversas

284 2892 382 2938 sectas
403 2881 582 2959 separandas
606 2900 683 2942 esse.
725 2880 818 2940 Poeta
833 2880 909 2939 enim
925 2880 1004 2939 varia
1025 2878 1147 2957 hujusce
1167 2878 1288 2937 haeresis
1303 2878 1376 2957 dog·

284 2984 363 3032 mata
378 2975 486 3033 refutat
498 2976 675 3054 separatim·
706 2976 852 3035 Sabellius
871 2976 960 3053 igitur
974 2984 1062 3034 natus
1075 2974 1103 3033 in
1116 2974 1285 3053 Libya,siue
1298 2973 1375 3033 Pen-

283 3069 386 3148 tapoli,
401 3088 436 3129 ac
451 3070 614 3148 Cyrenaica
628 3070 788 3149 prouincia,
803 3070 913 3149 oppido
927 3069 1122 3141 Ptolemaide,
1135 3066 1374 3148 quandoquidem

194 3162 198 3169 “
282 3165 322 3223 ibi
344 3182 447 3224 recens
469 3176 600 3225 exortam
620 3165 756 3224 haeresim
777 3164 855 3222 illam
880 3173 969 3223 aetate
990 3183 1044 3223 sua
1066 3163 1227 3242 Dionysius
1248 3172 1374 3223 testatur

284 3258 501 3318 Alexandrinus
523 3259 601 3338 apud
625 3259 794 3331 Eusebium,
816 3260 871 3317 sub
887 3270 1018 3338 tempora
1039 3259 1134 3330 Decii,
1149 3258 1211 3317 sive
1232 3258 1324 3331 Galli,
1337 3278 1372 3319 ac

283 3353 437 3413 Volusiani
450 3356 538 3433 coepit
549 3356 626 3414 virus
641 3374 725 3414 suum
735 3374 891 3433 spargeres
914 3374 981 3415 cum
998 3356 1141 3414 Romanae
1157 3353 1219 3413 sedi
1233 3364 1374 3433 preesset

283 3449 464 3529 Stephanus,
478 3464 528 3509 aut
549 3452 668 3510 Sixtus:
688 3450 745 3510 hoc
770 3463 817 3510 est
838 3452 916 3511 circa
937 3470 1047 3511 annum
1073 3450 1182 3509 Christi
1203 3454 1273 3509 257.
1315 3435 1380 3509 Hio'

282 3566 371 3605 unam
384 3566 450 3606 esse
464 3546 626 3607 Personam
641 3548 747 3619 Patris,
764 3557 794 3607 et
809 3548 885 3621 Filii,
899 3557 930 3607 et
951 3548 1074 3627 Spiritus
1090 3546 1193 3607 Sancti
1212 3548 1370 3618 astruebat,

281 3642 534 3723 Personarumque
545 3644 574 3702 in
588 3644 729 3705 Trinitate
743 3643 961 3703 distinctionem
972 3642 1166 3724 explodebat:
1186 3641 1265 3701 unde
1281 3642 1370 3700 Unio-

280 3738 351 3798 nitae
366 3738 436 3799 dicti
451 3741 569 3799 fuerunt
582 3739 738 3819 d·iscipuli;
761 3740 936 3819 dicebatque
945 3760 981 3799 ea
994 3752 1108 3799 tantum
1121 3758 1188 3798 esse
1201 3739 1320 3797 nomina
1331 3738 1369 3797 ad

280 3833 411 3894 diversos
425 3833 546 3895 effectus
561 3834 723 3894 divinitatis
744 3835 938 3895 insinuandos
958 3836 1132 3914 composita.
1174 3835 1367 3903 Quamobrem

278 3926 355 3988 illud
368 3930 569 3990 deducebatur
588 3930 618 3988 in
639 3932 889 4008 consequentiam,
904 3942 936 3989 ut
948 3931 1027 3990 sieut
1048 3931 1152 4001 Filius,
1166 3932 1250 3990 itaet
1270 3929 1368 4004 Pater,

278 4032 311 4080 et
325 4023 451 4101 Spiritus
465 4027 594 4085 Sanctus
608 4026 645 4085 ab
659 4026 795 4104 eisoeque
810 4026 976 4086 dicerentur
990 4028 1133 4087 incarnati
1148 4036 1179 4087 et
1189 4026 1277 4105 passi.
1313 4026 1368 4085 eui

279 4126 312 4177 et
331 4117 410 4177 aliud
435 4119 542 4197 adjecit
560 4141 596 4182 ex
620 4121 808 4201 Hermogene
822 4132 983 4196 mutuatus,
996 4142 1102 4203 nempe
1121 4134 1155 4183 ut
1177 4123 1290 4184 diceret
1307 4140 1367 4183 rna·

278 4211 557 4293 teriamingenitam
574 4236 652 4277 esse.
694 4216 753 4276 Sed
769 4217 839 4277 nihil
854 4218 978 4283 sdnos.
1022 4218 1114 4279 Po'eta
1134 4216 1297 4281 Sabellium
1318 4238 1368 4300 op,
