3034 4900
239 387 283 452 ld
682 405 891 454 rurrrrrro.

239 566 325 625 rom,
337 547 493 631 repetitis
507 546 723 626 editionibus,
737 567 781 612 cu
795 548 1030 631 singularitatis
1053 569 1095 615 uc
1115 553 1261 618 raritatis
1275 555 1336 620 de-

239 649 382 726 venisse,
397 655 435 714 ut
447 649 579 714 vocales
602 650 694 734 apud
715 650 926 734 Bibliopolas
943 652 1099 734 nuspiam
1114 656 1334 738 reperiuntur,

240 771 281 816 ac
294 749 416 816 frustra
428 752 649 834 requirantur!
680 752 761 817 Huc
776 753 890 836 utique
901 759 1063 836 expertus
1077 753 1237 820 affirmare
1250 775 1335 840 pos-

239 873 324 930 sum,
339 872 405 918 non
419 855 526 918 solum
540 854 596 920 bic
613 854 703 938 apud
717 855 929 938 Bibliopolas
942 857 1147 939 exemplaria
1159 858 1256 923 nullu
1275 879 1335 933 ex·

241 962 324 1034 tare,
346 954 529 1022 sedetiam
552 958 640 1022 datis
661 957 705 1023 ad
731 958 900 1036 Amicum,
924 957 1078 1038 Parisiis,
1098 958 1273 1043 Epistolis,
1295 965 1335 1026 nt

238 1056 319 1120 mihi
335 1055 649 1124 chamillardiunam
671 1059 876 1138 Editionom,
899 1059 980 1124 alibi
1000 1059 1122 1126 frustm
1143 1063 1333 1144 quesitam,

239 1171 457 1240 compararet,
479 1161 652 1246 rescripsit
673 1162 731 1228 ille
751 1169 832 1247 post
844 1163 967 1227 multas
979 1163 1233 1246 perquisitioues
1246 1179 1334 1247 prue-

238 1258 321 1324 fatuc
335 1258 500 1326 Editiouis
512 1264 684 1346 exemplar
704 1264 869 1347 reperisse
884 1262 1085 1347 sequidem,
1101 1265 1161 1329 sed
1180 1285 1249 1330 non
1270 1265 1334 1331 mi·

238 1359 310 1424 nori
331 1379 431 1442 quam
452 1363 568 1445 viginti
590 1363 741 1449 quinque
763 1371 931 1430 scutorum
955 1364 1077 1448 pretio.
1119 1364 1234 1451 Atque
1256 1367 1334 1433 lroec

239 1467 334 1528 tuntu
346 1461 422 1528 libri
434 1463 536 1548 hujus
551 1466 682 1545 mune,
697 1485 763 1532 uon
776 1472 963 1552 postremus
983 1467 1065 1534 mibi
1086 1465 1242 1533 stimulus
1255 1466 1334 1546 luit,

238 1569 277 1627 nt
303 1561 389 1630 bunc
418 1584 542 1632 novam
577 1567 767 1634 Editicucm
793 1566 1012 1633 adornandam
1043 1568 1260 1652 susciperem,
1296 1570 1333 1636 in

240 1683 310 1748 qua
330 1665 412 1749 qnid
434 1669 620 1754 prestitum
644 1670 692 1736 sit
716 1671 838 1754 paucis
864 1669 995 1753 accipe,
1019 1669 1141 1738 lector
1163 1670 1334 1736 humanis·

240 1785 336 1833 srme.

671 1939 831 2008 CAPUT
852 1938 919 2004 VI.

428 2091 482 2158 De
495 2093 586 2181 lrp'a
601 2090 758 2156 Editiom'r
769 2089 919 2169 methodo,
933 2089 1082 2170 militate,
1095 2093 1147 2166 ἐκ.

239 2239 285 2306 ΙΝ
315 2237 555 2306 distribuendis
584 2235 704 2302 Pottae
738 2234 917 2320 Operibus,
942 2233 1164 2299 Heinsiauam
1196 2242 1335 2300 secutus

239 2362 313 2408 sum
343 2341 544 2418 methodum,
574 2337 833 2422 suffragantibus
861 2335 1038 2402 Vaticanis
1067 2338 1216 2402 melioris
1238 2346 1331 2404 notua

239 2444 435 2512 codicibus.
481 2439 532 2507 Ea
554 2449 664 2507 autern
689 2445 740 2506 est
761 2447 798 2507 ut
818 2439 942 2525 primus
958 2437 1214 2506 Cathemerinon
1235 2441 1335 2507 locus

240 2551 295 2629 sit,
306 2551 404 2633 isque
419 2547 594 2615 duodecim
608 2544 756 2630 Hymnis
778 2551 922 2622 constet,
937 2564 1004 2609 nou
1019 2544 1147 2621 decem,
1167 2550 1203 2611 ut
1222 2545 1333 2609 visum

239 2650 404 2717 nonnullis
419 2656 501 2728 orat,
516 2648 574 2733 qui
590 2651 776 2732 postremos
795 2645 881 2712 duos
897 2644 1052 2731 Hymnus
1074 2645 1115 2711 dc
1132 2644 1248 2711 Natali
1260 2644 1335 2711 Do-

239 2753 333 2831 mini,
348 2753 438 2819 etde
453 2749 657 2835 Epiphdnia,
672 2748 824 2814 sceteris
839 2747 1016 2831 sejunctos,
1030 2754 1108 2831 post
1117 2744 1334 2831 Peristepha·

238 2874 305 2919 non
319 2854 525 2940 rejiciebant.
549 2848 802 2917 Cathemerinon
815 2849 946 2933 excipit
965 2848 1228 2932 Peristephauou
1239 2849 1335 2927 liber,

240 2955 490 3041 quatuordecim
517 2949 675 3038 Hymnus
699 2952 940 3035 complectens,
966 2950 1020 3015 cui
1042 2959 1130 3016 recte
1153 2948 1334 3017 Praefatio:

240 3058 423 3125 ‘lmmolat
447 3057 521 3124 Duo
551 3052 666 3133 Patri,'
687 3057 748 3119 &c
774 3052 971 3138 praefigitur,
995 3072 1095 3137 quam
1126 3052 1184 3117 ulii
1207 3054 1242 3117 iu
1266 3050 1334 3116 fine

239 3180 388 3247 operum,
411 3169 451 3225 ut
471 3158 592 3236 Aldus,
615 3158 673 3223 alii
695 3158 781 3222 inter
802 3156 1056 3240 Symmachicos
1077 3154 1183 3219 libros
1198 3160 1233 3219 et
1248 3154 1334 3237 Dip-

239 3262 375 3348 tychon,
391 3260 450 3327 alii
466 3262 560 3327 aliter
574 3260 744 3325 locabant.
789 3256 943 3340 Sequitur
953 3254 1169 3342 Apotheosis,
1176 3263 1245 3320 tum
1262 3254 1335 3320 Ha·

240 3364 544 3447 morigerisque
569 3360 603 3425 in
632 3360 787 3425 omnibus
813 3358 914 3423 terme
942 3355 1044 3422 codd.
1072 3356 1123 3421 illi
1152 3358 1335 3437 aderitum

241 3464 382 3551 ejusque
397 3462 501 3530 veluti
517 3481 595 3546 pars
610 3460 784 3527 manifeste
797 3460 1026 3525 constituitur:
1040 3458 1119 3524 hino
1129 3458 1336 3545 Psycboma-

241 3568 330 3647 chia,
353 3588 374 3635 a
399 3586 468 3653 qua
489 3564 662 3630 Editiones
686 3562 815 3647 aliquot
840 3564 1029 3629 universum
1051 3562 1226 3627 Prudentii
1247 3582 1335 3647 opus

240 3676 329 3737 recte
353 3670 465 3735 miuus
487 3664 761 3749 auspicabantur.
804 3663 997 3730 Succedunt
1025 3665 1100 3730 inde
1129 3666 1197 3731 duo
1220 3671 1335 3733 contra

242 3771 476 3857 Symmachum
497 3768 585 3846 libri,
606 3767 730 3851 quibus
750 3774 872 3850 praeter
893 3766 1000 3851 ipsius
1024 3766 1217 3852 Symmachi
1233 3766 1335 3833 Rela-

240 3874 376 3952 tionem,
389 3870 556 3956 egregiam
571 3890 704 3956 quoque
726 3870 763 3935 S.
778 3867 949 3934 Ambrosii
967 3866 1233 3935 confutationem
1247 3890 1336 3955 prae·

240 3976 413 4053 mittimus,
435 3981 534 4058 prout
554 3979 697 4058 utraque
711 3975 755 4040 ab
781 3971 1043 4038 accuratissimis
1064 3970 1100 4036 S.
1123 3970 1235 4037 Mauri
1257 3972 1335 4038 Mo-

241 4076 358 4142 nachis
381 4074 472 4142 edita
494 4084 568 4158 est3
600 4079 664 4142 rati
694 4078 872 4162 plurimum
901 4092 945 4138 es
973 4073 1121 4138 conferre
1151 4074 1194 4140 ad
1218 4074 1335 4143 burum

245 4178 366 4245 Puiitae
376 4178 535 4243 librorum
546 4172 807 4263 intelligentiam.
844 4176 1006 4243 Ultimum
1018 4176 1153 4243 taudem
1162 4174 1335 4263 Diptycho
