3034 4900
352 379 355 386 '
436 397 484 445 na
509 397 650 448 narnis
674 399 977 455 raununrtnnrs.
1207 395 1251 459 47

195 533 316 705 Ουατὲἱ
346 539 500 622 generis:
537 540 648 626 hymn.
678 544 712 610 2.
743 543 896 613 Galbam.
922 550 1033 633 hymn.
1064 551 1100 618 4.
1130 551 1249 618 Parist.

150 640 263 722 hymn.
302 684 311 701 .
1342 657 1347 668 '

196 813 358 894 Quintum
384 835 503 898 genus:
532 826 569 883 ut
601 820 712 905 hymn.
735 823 768 887 5.
794 822 942 890 cathem.
969 828 1028 911 qni
1052 837 1105 896 cst
1133 849 1250 895 mono·
1376 872 1380 878 -

151 914 257 980 colos.
300 914 432 982 Versus
446 939 560 984 omnes
574 929 652 986 suut
665 921 904 1005 choriambici,
916 926 1136 1013 Asclepiadci
1150 937 1250 998 tetra-
1331 971 1336 978 -

149 1018 248 1082 metri
262 1019 444 1085 acatalecti
456 1041 465 1086 r
478 1028 515 1087 ut
530 1042 644 1107 supra.

195 1117 313 1199 Quinti
326 1123 472 1204 generisi
495 1123 606 1208 hymn.
631 1126 662 1190 1.
685 1133 720 1190 ct
745 1128 842 1211 praef.
865 1131 896 1194 l.
919 1129 1067 1198 Cathcm.
1089 1134 1199 1220 hymn.
1215 1139 1249 1201 5.

152 1219 253 1288 Praef.
267 1224 324 1288 lib.
338 1224 370 1287 1.
385 1231 501 1290 contra
515 1225 644 1311 Symm.

193 1395 335 1463 Sextum
349 1419 473 1484 ganas:
495 1409 533 1466 ut
545 1400 660 1486 hymn.
674 1403 708 1469 6.
723 1402 877 1470 Gathcm.
892 1407 950 1490 qui
971 1414 1025 1472 cst
1038 1411 1248 1477 monocolon.

151 1496 294 1595 lambini
310 1500 439 1567 dimchi
459 1504 613 1570 catalecti
634 1511 713 1570 suut
734 1525 874 1588 varsus3
896 1509 954 1591 qui
970 1513 1127 1574 constant
1140 1513 1247 1577 tribus

150 1597 271 1664 iambis
302 1611 337 1670 ct
365 1604 515 1690 syllaba:
544 1614 678 1691 recepto
704 1614 817 1674 tamen
844 1609 880 1674 iu
909 1612 1015 1695 prima
1045 1611 1124 1676 seda
1147 1613 1248 1678 ctiam

153 1702 328 1784 spondaeo.
403 1711 406 1718 '

193 1802 292 1870 Sexti
307 1807 457 1892 gononis:
479 1809 589 1894 hymn.
603 1810 637 1875 a.
659 1810 809 1878 Catbcm.

192 1989 380 2074 Septimum
402 2009 524 2072 gamus:
547 1994 584 2055 ut
608 1991 705 2074 praes.
729 1992 912 2078 Psychom.
946 2015 1023 2078 qnae
1050 2003 1106 2061 cst
1130 2017 1247 2064 mono-

150 2089 255 2156 colos.
301 2091 388 2157 Sunt
401 2093 489 2157 enim
504 2111 620 2156 omncs
641 2113 759 2158 vorsus
781 2096 917 2159 iambici
941 2095 1173 2180 Hipponactci
1191 2102 1248 2164 tri·

149 2193 243 2257 metri
265 2193 460 2260 acatalecti:
483 2201 619 2279 recepto
641 2202 754 2263 tamon
775 2196 811 2259 iu
830 2195 917 2262 locis
942 2197 1127 2296 imparibus
1146 2202 1247 2266 etiam
1291 2233 1294 2238 ·

213 2295 322 2362 ndaeo.

150 2315 338 2485 spgcptimi
368 2399 511 2484 generis:
533 2401 646 2486 hymni
677 2401 709 2467 2.
738 2400 962 2467 Praeiationos
991 2402 1023 2468 2.
1060 2401 1246 2490 Cathcmcr.

149 2504 259 2587 hymn.
281 2504 315 2569 7.
348 2503 538 2590 Peristaph.
553 2504 663 2591 hymn.
678 2506 731 2570 10.
763 2505 864 2571 Praef.
881 2504 1110 2589 Hamartigan.
1144 2507 1246 2573 Praei.

149 2604 394 2691 Psychomach.

192 2781 359 2847 Octavum
377 2800 499 2865 genus:
525 2788 563 2847 ut
584 2783 695 2869 hymn.
717 2785 749 2850 8.
783 2782 935 2849 catham.
962 2783 1020 2866 qui
1042 2788 1094 2847 est
1114 2783 1246 2851 dicolos

147 2884 399 2969 tetrastrophos.
443 2884 548 2951 Primi
579 2886 704 2971 quique
732 2894 801 2951 tras
829 2904 947 2951 versus
976 2890 1055 2949 sunt
1081 2884 1246 2953 hendeca-

148 2986 284 3070 syllabi,
308 2985 485 3070 Sapphici,
512 2989 721 3071 pentametri,
744 2988 943 3053 acatalecti:
968 2987 1028 3070 qui
1045 2994 1246 3054 constante

147 3087 308 3167 trochaeo,
322 3088 500 3172 spondaeo,
525 3088 672 3172 dactylo,
686 3094 719 3153 et
738 3089 869 3154 duobus
885 3089 1050 3154 nochaeis.
1094 3087 1245 3167 Quartus

146 3196 258 3257 autem
280 3191 423 3275 quisquc
447 3196 500 3257 cst
521 3189 679 3257 Adonius
701 3190 839 3257 dimeter
860 3191 1090 3270 catalecticus,
1106 3210 1152 3257 ox
1167 3191 1244 3257 dac-

148 3290 221 3375 tylo
234 3298 269 3356 ot
283 3292 452 3376 spondam.

191 3392 314 3459 Octavi
328 3394 476 3477 generis:
497 3392 609 3476 hymn.
623 3396 656 3460 2.
696 3392 883 3461 Cathamcr.
909 3394 1018 3479 hymn.
1043 3393 1077 3460 8.
1122 3390 1244 3458 Perist

146 3495 257 3579 hymn.
269 3497 301 3559 4.

192 3651 327 3717 Nonum
341 3673 466 3737 genus:
488 3659 527 3720 ut
539 3654 652 3739 hymn.
667 3656 699 3721 9.
725 3655 875 3721 Cathcm.
897 3655 955 3739 qui
969 3660 1022 3719 cst
1037 3651 1244 3732 monocolon,

146 3754 354 3840 tristrophos.
407 3754 540 3823 Versus
570 3761 645 3821 sunt
672 3757 847 3836 trochaici,
878 3754 1039 3822 octonarii
1069 3751 1242 3819 catalectiz

146 3858 205 3940 qui
227 3863 381 3923 constant
403 3870 530 3942 septam
552 3857 709 3923 trochaeis
725 3862 759 3923 ct
774 3858 917 3943 syllaba,
930 3861 1069 3938 recepto
1084 3860 1194 3918 tamen
1208 3854 1244 3919 in

145 3958 233 4023 locis
247 3958 385 4043 paribus
400 3960 499 4024 etiam
512 3958 683 4044 spondaeo.

188 4056 283 4124 Noni
310 4061 468 4143 generis:
504 4060 612 4145 hymn.
642 4058 674 4123 2.
705 4056 891 4123 Cathemer.
918 4057 1026 4143 hymn.
1056 4056 1089 4122 9.
1120 4054 1242 4124 Perist.

23 4170 27 4205 ⁸
145 4158 256 4244 hymn.
271 4160 303 4223 1.
