3034 4900
609 409 769 458 sunnon
797 409 1009 459 PRUDBNTH

528 663 583 710 111.
628 662 791 710 HYMNUS
816 661 919 710 ANTE
942 661 1073 711 OIBUM·

311 794 440 846 Hortatur
451 795 561 860 seipsum
574 793 659 844 Poota
671 793 703 843 ad
715 791 768 843 eibi
780 793 959 856 parsimoniam
970 800 998 844 ot
1009 793 1120 845 sobriam
1132 807 1230 844 ooeoam
1239 809 1314 860 quan

746 874 882 923 describit.

440 981 470 1046 0
487 996 675 1045 cnuorruu
691 981 794 1059 bone,
807 980 970 1045 lucisator

440 1083 669 1167 OmniparenS,
684 1085 752 1180 pie,
767 1083 957 1166 verbigena,

438 1185 537 1250 Edito
552 1203 689 1268 corpore
705 1184 865 1267 virgineo,

440 1288 510 1353 Sed
526 1287 619 1372 prius
635 1289 667 1350 in
684 1285 831 1368 genitore
845 1289 974 1369 potens,

437 1388 552 1467 Astra,
569 1390 689 1467 solum,
703 1407 794 1452 mare
812 1407 913 1471 quam
928 1387 1053 1452 fierent.

483 1489 564 1554 Huo
577 1488 695 1567 nitido,
710 1507 842 1574 proeor,
857 1489 979 1553 iutuitu

441 1592 556 1657 Flecte
570 1590 774 1656 salutiferam
789 1588 922 1667 faciem,

439 1693 560 1758 Fronto
571 1709 727 1770 serenus3
749 1696 784 1755 et
798 1689 935 1766 irradia,

438 1794 597 1858 Nominis
609 1799 649 1857 ut
662 1793 723 1857 sub
739 1792 864 1855 honore
878 1791 926 1854 tui

440 1893 517 1959 Has
529 1895 647 1979 opulas
660 1893 764 1957 licoat
777 1909 909 1974 capere.

482 1995 618 2060 'sosine
633 1994 729 2059 dulce
745 1993 841 2070 nihii,
857 1992 1012 2071 Domine,

441 2095 517 2162 Nec
527 2098 623 2181 juvat
638 2116 695 2160 ore
710 2094 793 2179 quid
806 2101 973 2178 appetere,
1013 2089 1022 2108 '

363 2213 365 2218 ’
440 2199 571 2264 Pocula
585 2199 619 2262 ni
633 2201 736 2282 prius,
753 2205 855 2280 atquo
871 2196 978 2275 cibos,

440 2297 580 2377 Christo,
596 2307 673 2362 tuus
686 2298 782 2362 favor
795 2297 964 2376 imbuerit,

441 2399 563 2465 Omnia
576 2397 804 2464 sanctificante
818 2397 894 2464 fide.
1317 2404 1361 2472 15

306 2620 397 2671 Obose
412 2622 481 2679 deso,
501 2621 542 2684 put
555 2616 689 2683 prpmriisti
704 2618 730 2669 iu
741 2633 816 2680 moe,
826 2618 866 2680 psi
882 2620 968 2669 erasmi
985 2619 1058 2670 iseros
1076 2624 1099 2670 et
1115 2633 1192 2669 russos
1208 2634 1256 2676 m,
1277 2621 1318 2683 pai
1338 2635 1363 2670 er

270 2686 364 2735 omium
374 2685 491 2748 genitura,
507 2686 547 2748 qai
564 2699 589 2733 es
599 2689 663 2734 ortus
674 2685 702 2733 rie
712 2684 943 2746 magadneMmioe:
958 2684 1013 2735 iicet
1022 2700 1081 2734 ossas
1090 2686 1233 2749 ossaipotms
1241 2684 1268 2734 ia
1278 2686 1365 2746 Patre,

268 2751 405 2813 priusquam
415 2750 506 2809 oolam,
518 2755 590 2805 torro,
600 2764 666 2799 more
676 2753 821 2806 rreurestsr,
831 2749 909 2810 rspice
924 2764 976 2808 sos,
993 2764 1078 2811 mro,
1096 2750 1152 2797 boso
1167 2750 1250 2798 eom:
1263 2756 1363 2812 poeotes

269 2815 363 2862 ostende
374 2820 440 2863 tuom
451 2814 542 2872 sociem
560 2812 682 2868 smubreso,
700 2818 724 2861 et
742 2827 784 2861 aos
800 2812 916 2872 iiiussr'ao,
932 2818 959 2860 sot
977 2814 1171 2874 mmimogere
1181 2814 1363 2862 ioceosoioisoss

269 2878 390 2926 madusius
406 2881 473 2926 tauns
488 2892 577 2926 nomeu.
609 2876 650 2923 Mi
660 2878 730 2937 Jesp,
741 2877 798 2937 psiri
813 2892 858 2925 soa
873 2883 909 2925 est
924 2877 1075 2937 injucundam
1090 2877 1143 2926 riso
1158 2882 1201 2927 tet
1215 2892 1257 2926 aec
1267 2877 1311 2937 sos
1325 2884 1364 2927 est

272 2941 417 2990 Christianis
433 2942 555 3005 ςιίιᾳιιιιιι
565 2940 691 3001 comedere,
709 2938 766 3015 quia
780 2940 857 3004 murs,
874 2956 888 2987 o
907 2940 1011 2999 Christe,
1028 2946 1070 2989 tuo
1083 2939 1208 2990 oiomesta‘a
1218 2940 1363 2991 maenio

266 3012 347 3069 potum
356 3012 381 3056 ot
391 3004 484 3057 cibran:
500 3005 555 3069 pario
564 3002 629 3071 fides
643 3000 777 3070 sourtficut
794 3010 885 3054 osam.
918 3003 1015 3054 Nostro
1030 3019 1089 3054 esoae
1106 3006 1326 3063 rmoentsm
1336 3010 1362 3055 es

300 3275 314 3320 1
326 3272 384 3321 iaoir
395 3276 476 3321 motor
486 3271 567 3321 P.-a
576 3286 671 3323 usuum
679 3272 856 3323 Vatum-2⁰
866 3284 963 3334 saperm
975 3270 1064 3322 ustos.
1074 3271 1165 3323 iunot.
1176 3271 1238 3324 Pro
1247 3272 1302 3323 Ait.
1310 3273 1363 3336 Ep.

761 3428 869 3481 Nom:

299 3546 315 3591 2
333 3541 502 3607 omniparens]
520 3542 641 3593 Omnium
653 3554 739 3593 rerum
751 3554 795 3607 pa·
834 3540 898 3590 nihii
910 3538 979 3589 aliud
996 3540 1056 3602 erit,
1066 3554 1143 3605 quam
1154 3538 1235 3590 serbo
1250 3540 1362 3604 genitus,

266 3623 322 3667 tar:
335 3618 398 3682 quia
406 3632 454 3683 per
460 3618 550 3669 Filium
559 3620 639 3670 Pater
647 3619 732 3671 omnia
739 3633 795 3669 ose·
835 3625 863 3667 ut
873 3619 881 3645 ‘
893 3615 1057 3680 Martipeua’
1071 3616 1157 3666 Marte
1173 3616 1285 3679 penitus,
1296 3616 1362 3667 ‘Ju-

266 3694 330 3757 nrit,
342 3702 370 3745 et
381 3695 436 3760 ipss
447 3710 496 3759 per
506 3710 598 3745 aecum
607 3696 687 3747 Patre
698 3702 726 3746 et
734 3694 794 3760 Spi·
834 3689 980 3757 nonigena'
1007 3693 1110 3744 Junone
1127 3692 1238 3757 penitus.
1258 3693 1332 3744 Quod
1344 3708 1361 3742 a

265 3771 423 3822 ritoSauoto
435 3772 544 3822 Creator
554 3782 604 3823 est.
613 3772 689 3823 Josu.
700 3786 759 3836 cap.
771 3786 792 3824 ι.
833 3783 909 3819 sensu
918 3768 1009 3819 Poe'toe
1019 3770 1213 3819 valdeaiienum
1221 3776 1269 3827 ast,
1279 3778 1360 3833 atque

265 3846 342 3897 ‘Hoc
354 3854 412 3899 erat
427 3846 452 3897 in
465 3848 593 3913 principio
609 3847 679 3913 apud
690 3848 790 3899 Deum:
832 3844 918 3896 aiide.
950 3845 1082 3911 Siquidem
1093 3845 1210 3895 Christus
1221 3860 1271 3896 nou
1290 3851 1331 3895 est
1344 3859 1362 3895 a

266 3924 350 3973 onmia
360 3936 409 3987 per
418 3924 500 3989 iprum
511 3922 583 3974 farta
593 3922 670 3974 sunt!
831 3924 913 3974 serbo
921 3920 1071 3988 partus,sed
1080 3924 1186 3974 verbum
1197 3924 1280 3988 ipsum
1290 3928 1334 3973 est
1344 3937 1362 3973 a

302 3998 444 4066 vertigerno]
468 4001 577 4051 Constat
593 4000 626 4051 de
644 4000 745 4051 chrima
761 4000 792 4051 it·
832 4002 914 4052 Patre
931 4003 1039 4053 editum.
1071 4002 1171 4053 Eorisrn
1183 4000 1308 4053 roratoto
1318 4001 1360 4049 usi

265 4074 413 4127 trinomen
421 4077 530 4127 dioinon
541 4077 699 4143 possejuxta
707 4076 793 4129 [atini
832 4085 892 4128 suut
901 4078 1011 4129 Sanetus
1022 4077 1185 4142 Augustinus
1194 4076 1316 4128 Confess.
1326 4087 1360 4126 ιι.

267 4152 391 4201 sermonis
412 4166 485 4202 usum
512 4167 544 4203 ao
571 4155 679 4219 regular.
712 4154 794 4203 Morio
831 4154 1052 4218 ⁷.etcyprisnus
1067 4154 1095 4203 iu
1111 4154 1273 4218 expositione
1290 4164 1360 4215 sym·

265 4224 335 4275 onim
344 4225 447 4289 proprie
458 4233 611 4292 exponatur,
622 4228 792 4293 ‘verbigena'
833 4228 895 4279 boli.
