3034 4900
266 356 333 425 288
622 331 784 419 aaaron
809 364 1022 416 ranorum

163 529 172 545 ¹
268 518 348 578 baris
361 513 546 575 Pannoniam
563 512 785 573 devastantibus
798 510 923 570 Romam
937 510 1059 569 allatum
1079 518 1136 581 est,
1155 522 1244 589 atque
1264 510 1292 569 in
1311 508 1381 572 Ec·

270 613 362 674 olesia
384 612 420 671 B.
434 609 602 669 Sebastiam
623 607 661 667 ad
683 607 882 666 catacumbas
907 602 1084 685 depositum,
1108 602 1186 665 unde
1210 615 1318 684 postea
1345 604 1379 663 in

271 708 460 770 Germaniam
473 697 648 767 translatum
662 704 727 777 suit,
746 713 777 764 et
795 702 950 763 incelebri
968 701 1150 761 Monasterio
1171 699 1379 773 reconditum,

270 817 305 866 ut
317 816 417 867 narrat
430 802 607 883 liudolphus
624 799 827 861 Scholasticua
838 800 868 859 in
881 797 951 859 Vita
965 798 1001 861 Β.
1013 797 1130 859 Rabani
1142 796 1380 877 Mogontiaceu.

272 903 409 984 Episcopi
424 922 494 963 amo.
511 920 559 961 ιν.
575 898 761 961 Βειιεάἰοιίυἰ
776 897 811 957 P.
828 916 866 958 11.
880 917 910 977 p.
926 898 972 957 lt.

337 1148 404 1197 Vll·
455 1149 495 1198 ΙΝ
521 1147 704 1197 ΗΟΝΟΕΕΜ
729 1144 886 1207 Qurltrrtl
910 1138 1109 1193 marturius
1135 1139 1299 1191 lll’ascol’t

619 1247 807 1297 ECCLBSIAE
823 1246 1020 1295 ffiscrartm.

503 1366 650 1429 Argumenti
657 1366 707 1415 loco
714 1369 783 1415 must
794 1364 865 1415 verbu
875 1364 972 1413 Eusebii
982 1363 1008 1413 ia
1020 1362 1144 1413 Classico.

271 1452 392 1506 Quirinus
404 1448 550 1513 Episcopus
561 1448 691 1498 Stabianum
705 1461 754 1511 pro
765 1442 868 1501 Christo
880 1445 991 1508 glemona
1000 1442 1163 1495 interficitur.
1197 1442 1264 1493 Nam
1285 1458 1377 1492 mann·

303 1535 337 1582 ali
353 1533 421 1582 mola
438 1530 470 1579 sd
482 1530 575 1580 collum
587 1530 693 1593 ligatae
704 1535 783 1593 ponte
800 1528 980 1592 precipitatus
998 1529 1024 1578 in
1045 1522 1149 1575 fluvium
1169 1523 1312 1573 diutissime
1328 1540 1375 1573 au-

304 1611 461 1679 pamatavit,
479 1617 581 1661 etcum
601 1609 781 1675 spectantibus
798 1610 951 1677 collocutos,
968 1623 1001 1659 ue
1012 1622 1058 1659 auo
1071 1611 1230 1659 terrerentur
1240 1607 1376 1672 exemplo,

304 1694 347 1743 uix
359 1708 444 1757 oram,
456 1700 485 1745 ut
491 1701 660 1756 mergeretur,
671 1692 793 1743 obtinuit.

487 1807 677 1871 lusionem
698 1804 809 1869 mariti
824 1804 932 1868 virum

488 1908 709 1989 Qmaraun,
724 1905 883 1991 placitum
899 1905 985 1983 Deo,

488 2010 593 2075 Urbis
606 2010 734 2074 moenia
750 2007 870 2071 Sisciae

490 2114 699 2179 Concessum
714 2109 781 2175 sibi
799 2110 983 2193 Martyrem

488 2214 679 2299 Complexo
694 2214 805 2299 patrio
822 2211 948 2277 forent.
1351 2218 1374 2281 5

307 2400 386 2454 Siscia
402 2400 467 2449 istm
478 2412 532 2448 asoa
542 2410 621 2447 maros
629 2395 708 2459 patrio
724 2396 780 2445 aaa
795 2393 865 2455 fouet
881 2410 933 2447 uaso
952 2396 1050 2454 Quirini
1062 2396 1164 2460 insignia
1174 2396 1373 2464 meritissimum

275 2469 327 2519 Deo
333 2467 431 2532 placuit.
442 2466 526 2528 quipus
533 2478 575 2513 auu
581 2463 689 2525 patrima
699 2461 793 2510 amauit
808 2463 931 2526 martyrio.
964 2463 1024 2528 Hic,
1031 2463 1130 2524 etseras
1139 2468 1185 2527 cst,
1193 2465 1250 2516 duan
1260 2465 1374 2518 Galerius

726 2587 909 2612 mm

308 2684 321 2729 1
339 2675 427 2729 Mariti
437 2674 471 2728 Α.
483 2675 574 2728 Helos.
583 2674 659 2726 Vatt.
671 2673 767 2738 potior.
777 2671 813 2724 Η.
825 2671 916 2724 muta
926 2671 1067 2724 weita-2
1081 2673 1199 2738 piacidum
1209 2675 1301 2727 ΨΑ
1318 2677 1374 2729 Sea.

772 2801 795 2856 N
800 2801 879 2853 01·AE

306 2906 323 2952 2
351 2900 493 2964 baanna]
518 2901 641 2954 Qniriuna
664 2900 803 2965 episcopua
844 2897 944 2962 Cassio,
955 2913 1030 2964 quem
1042 2899 1126 2952 locum
1138 2901 1264 2969 virlougc
1276 2905 1376 2957 doctia·'

273 2977 406 3030 Sisciauua
425 2993 471 3042 pro
489 2977 649 3028 fidaClrriati
668 2975 804 3027 indumen
843 2977 922 3027 simus
944 2978 1072 3029 immerito
1102 2993 1187 3045 nuper
1214 2982 1375 3035 sollicitavit.

274 3054 454 3120 precipitatus
474 3062 515 3107 eat
531 3055 695 3106 molariaaxo
707 3052 806 3102 adccl·
845 3053 905 3104 lluo
927 3062 956 3104 et
978 3055 1116 3108 trahendus
1138 3071 1255 3110 nummus
1282 3075 1375 3113 aureas

274 3130 327 3178 lum
340 3130 435 3194 ligato:
454 3131 499 3180 sed
511 3132 598 3196 lapide
605 3136 804 3194 supernatante,
844 3131 1008 3182 Constantini
1015 3131 1137 3198 junioris,
1151 3134 1206 3186 ΡΙ..
1219 3135 1273 3188 CL.
1307 3139 1374 3190 eon·

274 3219 333 3256 eum
356 3206 557 3257 circumstantes
579 3207 748 3267 Christianos,
771 3220 804 3255 ne
844 3208 971 3257 stantinua
983 3209 1014 3260 Ρ.
1028 3209 1056 3260 F.
1067 3209 1138 3262 Aua.
1154 3210 1278 3262 abaitera
1288 3221 1375 3277 parte,

275 3282 330 3346 ejus
343 3289 502 3332 terrerentur
518 3283 805 3348 supplicimnavetitu·
844 3285 896 3334 Srs.
940 3284 983 3335 Ad
1004 3286 1073 3336 idem
1101 3287 1226 3352 oppidum
1254 3287 1337 3339 victus
1359 3305 1375 3338 a

276 3357 405 3408 barentin
425 3356 486 3420 tide,
501 3358 545 3409 diu
563 3357 658 3410 fuisset
677 3361 805 3417 bortatur,
843 3361 987 3412 'llrcoduslo
1002 3362 1118 3426 Augusto
1138 3365 1269 3416 Maximus
1287 3374 1375 3430 tyrsa-

275 3435 331 3498 ipae
346 3443 377 3484 ut
395 3436 511 3498 martyrii
530 3436 637 3498 gloriam
655 3449 805 3500 assequere·
840 3451 904 3500 taus,
915 3453 946 3488 ac
958 3447 1050 3502 postea
1061 3439 1188 3504 Aquileia
1200 3441 1376 3494 obsessucen-

276 3517 328 3567 tur,
345 3510 466 3574 precibus
484 3527 499 3561 a
518 3512 578 3562 Deo
597 3520 626 3561 ut
642 3519 806 3574 mergeretur
847 3513 910 3577 pitis
918 3515 1047 3578 supplicio
1057 3513 1165 3566 affectus
1176 3526 1227 3567 eat.

275 3587 397 3638 obtinuit.
431 3587 521 3639 Pridie
537 3604 619 3639 nonas
638 3589 721 3640 Junil.
743 3603 804 3640 ann.
841 3595 842 3598 ’
877 3589 1041 3654 bComplcxa
1059 3591 1139 3656 patrio
1153 3592 1250 3656 sonent]
1275 3595 1376 3659 Corpus

276 3666 334 3714 ³⁰8.
356 3664 520 3716 Constantio.
531 3667 651 3730 imperat.
662 3670 687 3716 8.
846 3665 937 3730 ipsius,
949 3674 1017 3718 teate
1028 3667 1161 3720 Mambrlt.
1175 3677 1235 3720 tum.
1247 3684 1278 3722 rr.
1290 3672 1315 3720 in
1329 3672 1373 3721 ba·

308 3740 438 3806 SSiacioe]
454 3743 536 3792 Siscia
555 3743 616 3794 urba
634 3745 694 3794 olim
704 3744 805 3809 epiaoo·
846 3743 944 3794 silicam
960 3746 992 3794 ad
1008 3745 1256 3798 Scarabetenansem
1274 3754 1375 3810 portam

276 3822 342 3884 palia
355 3822 496 3872 Pannoniae
505 3822 644 3886 superioria
655 3821 688 3871 ad
700 3821 805 3885 Colapis
846 3829 888 3870 eat
899 3819 1054 3886 depoaitum.
1086 3821 1125 3872 At
1142 3823 1219 3886 paulo
1234 3831 1302 3888 post,
1313 3839 1374 3876 cuer

276 3896 348 3947 fluvii
365 3915 424 3948 cum
443 3900 495 3950 Sao
519 3897 720 3960 confluentiam
737 3913 805 3948 urano
848 3895 949 3946 barbari
967 3897 1115 3950 Pannonias
1135 3899 1312 3961 devastarent,
1325 3901 1377 3952 tao-

228 3995 232 4002 ·
277 3987 359 4037 pagna
378 3987 411 4024 aa
435 3975 543 4026 adverso
565 3975 700 4038 Zagabriae
723 3974 806 4036 urbis,
847 3985 913 4020 marn
930 3974 1081 4025 translatum
1101 3981 1150 4038 eat,
1166 3979 1375 4039 atqueracondi-

279 4049 564 4111 qnalttiauffectaeat·
597 4052 806 4104 lnbaccivitala
847 4056 902 4100 tum
923 4050 956 4100 ad
977 4052 1157 4102 catacumbas.
1191 4053 1312 4118 Denique
1330 4070 1377 4119 per

276 4124 395 4184 Tiberina
407 4140 465 4176 cum
478 4129 619 4178 lteaaalino
638 4119 807 4193 expeditione
848 4129 1030 4195 angilbertum
1042 4129 1265 4180 Mediolanensem
1276 4131 1377 4195 episco-

276 4201 426 4259 Dalmatica
438 4203 622 4268 hybernamnt,
640 4211 708 4257 teate
721 4207 808 4258 Dione
848 4221 909 4272 pum
920 4205 1095 4257 Mediolanum
1106 4203 1157 4256 run
1167 4205 1290 4260 delatum.
