3034 4900
237 359 280 423 48
518 367 567 416 on
591 364 729 416 narare
753 358 1056 411 rnuusnruurs.

281 513 458 580 Decimum
474 529 598 594 genus:
620 515 656 574 ut
679 509 790 594 hymn.
811 505 865 570 10.
885 502 1040 570 cathem.
1062 501 1122 584 qui
1145 507 1200 564 est
1219 517 1340 564 mono·

240 618 347 682 colos.
393 614 518 679 Omnes
537 631 655 678 versus
679 616 756 676 suut
778 606 976 691 anapaestici
999 603 1139 668 trimetri
1161 601 1338 667 catalecti:

240 719 298 804 qui
313 721 471 782 constant
488 716 592 779 tribus
607 714 789 798 anapaestis
804 719 840 776 et
855 708 1005 796 syllaba:
1028 711 1166 788 recepto
1180 710 1289 768 tamen
1303 703 1339 767 iu

239 821 348 905 prima
363 819 442 883 sede
456 817 559 881 etiam
576 815 748 902 spondaeo.

284 921 415 987 Decimi
429 919 576 1002 generis:
599 916 709 1001 hymn.
721 934 809 979 uuus
822 914 876 979 10.
892 911 1042 976 (lathem.
1149 921 1162 938 ·

283 1088 506 1154 Undecimum
533 1104 654 1168 genus:
681 1089 720 1148 ut
746 1081 843 1166 praei.
873 1079 995 1145 Perist
1018 1097 1095 1161 quae
1124 1083 1177 1142 est
1209 1074 1341 1141 dicolos

241 1189 440 1275 distrophos.
486 1189 619 1254 Primus
633 1187 777 1270 quisque
792 1200 907 1249 versus
929 1189 985 1245 est
1004 1179 1176 1246 iambicus
1189 1177 1342 1244 Archilo-

241 1292 336 1359 chius
362 1291 502 1356 dimeter
522 1287 744 1352 acatalectus:
766 1292 927 1350 constans
951 1281 1180 1366 amphimacro
1204 1287 1237 1346 et
1257 1280 1343 1345 duo-

240 1394 307 1459 bus
322 1392 455 1459 iambis.
500 1389 676 1455 Secundus
690 1391 834 1474 quisque
849 1405 968 1452 versus
978 1393 1031 1450 est
1044 1385 1209 1449 iambicus
1224 1381 1343 1447 Archi·

240 1495 372 1561 lochius
396 1495 545 1558 trimeter
568 1491 804 1558 catalecticus:
829 1493 989 1554 constans
1009 1507 1029 1551 e
1048 1486 1196 1571 quinque
1216 1484 1342 1550 iambis

243 1604 278 1663 et
313 1597 464 1682 syllaba:
499 1601 638 1678 recepto
674 1600 787 1657 tamen
827 1590 862 1654 in
893 1588 983 1654 locis
1015 1588 1200 1672 imparibus
1237 1587 1340 1650 etiam

244 1699 419 1783 spondaeo.

289 1796 468 1864 Undecimi
483 1798 627 1879 generis:
650 1813 715 1860 uua
729 1792 830 1859 Praei.
845 1793 965 1858 Perist

289 1965 534 2032 Duodecimum
557 1981 679 2048 genus:
701 1965 739 2027 ut
756 1962 869 2047 hymn.
892 1960 925 2026 7.
947 1958 1067 2025 Perist.
1082 1959 1142 2042 qui
1159 1961 1213 2023 est
1226 1977 1345 2024 mono·

243 2067 348 2134 colos.
392 2065 523 2132 Versus
551 2071 626 2131 snut
654 2064 875 2130 choriambici
898 2063 1036 2128 trimetri
1063 2061 1265 2143 acatalecti;
1298 2060 1343 2125 de

247 2170 371 2254 quibus
395 2170 430 2232 in
455 2169 564 2253 primo
587 2187 716 2251 genem.

290 2270 492 2336 Duodecimi
501 2269 627 2352 generis
638 2289 647 2332 ε
659 2269 772 2352 hymn.
784 2268 816 2332 1.
830 2273 866 2332 et
881 2266 984 2332 Prael.
997 2267 1030 2331 1.
1045 2266 1172 2333 Perist.
1182 2267 1295 2351 hymn.
1308 2267 1343 2332 7.

249 2370 352 2438 Praei.
367 2371 426 2437 lih.
439 2372 474 2436 2.
490 2375 603 2436 contra
614 2367 742 2453 Symm.

293 2530 469 2596 Decimum
493 2530 628 2594 tertium
652 2548 779 2611 genus:
801 2537 840 2595 ut
853 2532 972 2616 hymn.
1000 2528 1032 2595 8.
1053 2529 1171 2595 Perist
1215 2528 1345 2596 Versus

249 2640 328 2699 suut
341 2633 481 2716 elegiaci
496 2632 651 2697 omuibus
666 2634 748 2697 uoti.

291 2734 426 2801 Decimi
440 2734 526 2800 tertii
540 2734 688 2817 gener-ist
709 2733 822 2820 hymn.
836 2734 869 2799 2
889 2732 1015 2799 Perist.
1028 2733 1141 2818 hynm.
1155 2733 1190 2799 8.
1201 2739 1236 2799 et
1250 2733 1302 2797 ll.

293 2898 471 2965 Decimum
481 2904 637 2983 quartum
648 2918 768 2984 genus:
783 2901 934 2985 uthymu.
944 2898 977 2962 9.
990 2898 1110 2964 Perist.
1121 2901 1180 2985 qui
1191 2908 1243 2965 est
1254 2900 1349 2965 dico·

248 3002 300 3066 los
322 3000 522 3086 distrophos.
566 3002 701 3067 Primus
726 3002 869 3087 quisque
883 3020 1001 3067 versus
1015 3002 1349 3068 estheroicushexa-

249 3110 356 3169 meter
374 3105 603 3171 catalecticus.
647 3105 822 3171 Secundus
843 3105 985 3190 quisque
1007 3111 1059 3170 est
1073 3106 1236 3170 iambicus
1259 3104 1348 3189 Hip-

248 3212 434 3290 ponacteos
449 3208 594 3273 trimeter
607 3210 823 3274 acatalectus.

293 3307 425 3373 Decimi
441 3310 547 3391 quarti
563 3312 711 3393 generis:
732 3330 818 3377 uuus
833 3310 865 3373 9.
879 3309 999 3375 Perist
1014 3310 1123 3396 hymn.

294 3490 476 3556 Decimum
498 3492 654 3576 quintum
674 3514 799 3577 genna:
822 3502 860 3559 ut
878 3493 990 3577 hymn.
1014 3493 1068 3558 12.
1091 3493 1212 3559 Perist.
1227 3496 1285 3577 qui
1300 3503 1351 3560 est

250 3592 380 3657 dicolos
394 3592 598 3677 distrophos.
643 3596 778 3663 Primus
799 3597 940 3681 quisque
956 3615 1072 3661 versus
1086 3600 1139 3660 est
1158 3594 1349 3679 dactylicus

250 3692 489 3760 Archilochius
509 3694 716 3781 heptametcr
735 3697 962 3764 acatalectus:
987 3686 1142 3763 constans
1165 3716 1185 3763 e
1204 3706 1351 3783 quatuor

114 3876 121 3890 Ι
251 3795 369 3881 primis
382 3795 524 3879 pedihus
539 3799 723 3882 spoudaeis,
738 3799 792 3865 uel
806 3798 965 3884 dactylis,
987 3806 1026 3867 ut
1039 3801 1075 3865 in
1088 3819 1185 3866 vorsu
1195 3800 1352 3867 heroico:

252 3896 374 3962 deiude
399 3919 419 3963 e
448 3901 555 3967 tribus
585 3904 756 3969 trochaeis.
813 3900 987 3968 Secundus
1015 3923 1096 3969 vero
1127 3903 1273 3987 quisque
1300 3910 1353 3969 est

252 3998 417 4065 iambicus
434 3999 666 4071 Archilochius
679 4005 824 4071 trimeter
837 4002 1073 4088 catalecticus3
1095 4006 1220 4089 dequo
1238 4004 1275 4071 iu
1288 4022 1352 4068 un·

254 4098 384 4165 decimo
399 4122 527 4184 genere.
