3034 4900
262 381 306 448 42
706 395 913 445 scansuro.

262 539 405 624 benigne
420 538 552 617 Lector,
574 539 652 604 siin
675 540 719 604 iis
734 539 887 623 quaedam
907 539 1078 604 enuntiata
1102 539 1260 622 reperies,
1284 546 1359 604 tan·

265 661 365 725 quam
380 660 470 706 nova
484 648 586 725 atque
607 642 767 719 recentia,
788 647 822 704 et
843 641 920 706 aliis
939 641 1161 718 inobservata,
1176 661 1253 724 quae
1267 641 1359 726 ejus·

264 743 356 809 modi
383 763 452 807 non
475 762 550 808 esse
577 743 755 824 videntur;
788 743 954 826 siquidem
979 749 1082 820 erant,
1112 728 1358 825 cumprimum

266 845 393 928 scripta
418 850 504 908 sunt.
550 845 618 909 Sed
645 863 720 908 cum
746 851 930 927 antequam
951 846 1042 928 typis
1064 845 1359 920 committerentur,

266 946 394 1028 aliquot
409 945 598 1010 effluxerint
613 949 702 1023 anui,
724 965 765 1010 ac
781 953 873 1010 totos
895 965 956 1010 sex
974 946 1059 1010 alios
1073 947 1213 1010 tenuerit
1234 944 1360 1022 Editio,

265 1046 493 1136 Typograpbo
509 1048 543 1112 in
563 1041 657 1131 plura'
671 1049 782 1126 nimis,
797 1049 979 1113 maximam
1000 1048 1043 1112 ob
1064 1048 1207 1112 nominis
1220 1047 1361 1112 celebri·

266 1156 379 1227 tatem,
395 1148 569 1226 distracto,
590 1149 654 1214 boc
676 1156 744 1214 tam
765 1150 864 1228 longo
878 1149 1036 1233 temporis
1055 1148 1229 1212 intervallo
1244 1167 1361 1212 seuue-

267 1257 344 1314 ruut
366 1250 624 1333 quodammodo,
649 1269 689 1314 ac
715 1269 813 1332 rugas
835 1250 943 1314 veluti
966 1254 1210 1326 contraxerunt,
1233 1249 1286 1313 vel
1316 1249 1361 1314 ab

268 1350 344 1418 aliia
361 1354 492 1436 prolata
501 1353 572 1438 jam
589 1361 624 1418 et
637 1354 821 1418 observata
843 1356 930 1417 sunt.
974 1351 1030 1416 Ad
1052 1351 1126 1415 baec
1147 1350 1362 1434 quibuscum·

269 1473 333 1536 que
348 1455 441 1519 libris
456 1457 626 1520 ueletiam
637 1454 795 1539 Hymuis,
810 1475 887 1519 cum
901 1472 956 1519 res
975 1453 1136 1536 postulat,
1161 1451 1363 1516 admonitio·

268 1574 344 1619 nem
358 1557 603 1638 praemittimus,
619 1574 695 1640 qnae
710 1564 940 1638 argumentum
949 1556 1090 1620 breviter
1103 1554 1266 1637 explicat,
1281 1553 1364 1619 alia·

270 1675 337 1739 que
359 1657 496 1722 exhibet
517 1660 560 1723 ab
584 1659 734 1724 instituto
750 1659 883 1724 minime
898 1659 1025 1737 alieua3
1047 1662 1114 1721 tum
1130 1657 1299 1739 appositae
1317 1657 1362 1720 ad

269 1759 447 1840 marginem
470 1761 604 1839 uotulae,
621 1779 689 1825 non
708 1760 815 1825 solnm
842 1779 1005 1823 summam
1028 1760 1084 1836 rei,
1099 1758 1141 1821 de
1156 1778 1225 1840 qua
1240 1758 1364 1840 agitur,

269 1867 517 1943 repraesentant,
540 1860 598 1925 sed
620 1863 718 1925 etiam
739 1881 793 1925 res
816 1860 987 1941 indigitant
1009 1880 1079 1943 prae
1100 1857 1176 1924 aliis
1204 1861 1363 1925 observa-

271 1961 365 2026 tione
387 1961 511 2045 dignas.
556 1963 669 2029 Sacrae
692 1964 875 2046 Scripturas
896 1962 986 2041 loca,
1006 1963 1049 2028 ad
1072 1983 1150 2046 quae
1172 1963 1366 2045 frequentis·

272 2063 354 2128 sime
369 2065 504 2149 respicit
520 2063 637 2143 Poeta,
659 2065 782 2149 pariter
802 2063 1002 2142 indicamus,
1024 2085 1136 2148 quam,
1156 2064 1283 2128 ratione
1306 2063 1365 2127 ba·

271 2168 344 2231 bita
358 2169 518 2250 temporis
539 2187 607 2250 quo
628 2167 779 2249 scripsit,
802 2185 848 2231 ex
873 2181 967 2229 axx.
989 2165 1252 2249 interpretibus‚²
1274 2167 1365 2250 quod

272 2267 383 2334 Vetus
397 2270 537 2352 respicit
550 2269 815 2345 Testamentum,
831 2268 884 2331 vel
905 2287 950 2332 ex
976 2269 1045 2332 alia
1067 2268 1191 2333 Graeca
1213 2270 1366 2337 versione

272 2387 470 2452 expressam
496 2389 584 2447 esse,
609 2371 728 2434 mirum
749 2388 816 2433 non
842 2375 902 2433 est.
959 2368 1000 2433 Id
1029 2388 1106 2433 vero
1132 2374 1249 2446 totum,
1275 2369 1367 2454 quod

274 2472 409 2537 Lectori
422 2491 485 2537 nec
499 2472 675 2554 ingratum,
690 2491 752 2536 nec
767 2473 885 2537 inutile
900 2492 1086 2556 speramus,
1106 2473 1142 2535 in
1154 2474 1250 2556 prius
1264 2472 1367 2537 editis

271 2593 409 2658 prorsus
438 2574 700 2639 desiderabatur.
742 2576 829 2639 Tres
854 2574 1002 2654 Indices,
1026 2575 1206 2640 Cellarium
1235 2574 1366 2651 imitati,

271 2676 429 2750 addimus
442 2677 476 2739 iu
490 2676 566 2741 lino.
611 2677 720 2742 Unum
736 2696 856 2755 rernm,
868 2677 1007 2742 altemm
1022 2678 1197 2742 verbomm
1212 2696 1252 2740 ac
1268 2676 1369 2759 pbra·

274 2778 372 2853 sium,
388 2779 521 2842 tertium
537 2797 661 2857 eorum,
678 2798 754 2861 quaa
779 2779 936 2843 licentius
960 2780 1059 2843 solito
1085 2777 1287 2843 Prudentius
1305 2798 1369 2863 po·

274 2878 351 2943 suit.
393 2877 472 2943 Jam
502 2878 556 2943 bic
585 2880 680 2962 plura
709 2899 774 2942 non
802 2879 970 2944 adderem.
1023 2880 1089 2944 Sed
1119 2879 1369 2964 persolvendum

274 2978 355 3043 mibi
376 2986 428 3045 est
442 2982 526 3063 grati
550 2982 653 3044 animi
678 2980 823 3045 officinm
846 3001 925 3063 erga
947 2981 1031 3046 duos
1052 2982 1251 3063 perillustris
1265 2981 1368 3066 hujus

275 3081 438 3165 Congreg.
461 3082 606 3148 Oratorii
623 3084 853 3168 Presbyteros,
868 3085 1015 3168 mihique
1038 3084 1271 3160 amicissimos,
1294 3085 1370 3166 qui·

274 3184 339 3247 bus
360 3204 442 3249 sane
457 3206 510 3250 me
526 3187 704 3268 plurimum
717 3187 837 3251 debera
851 3186 1018 3271 profiteor.
1062 3186 1112 3249 Hi
1125 3194 1205 3250 sunt
1224 3185 1296 3250 ΡΡ.
1310 3186 1371 3250 Jo-

277 3284 401 3368 sepbus
425 3287 638 3364 Blaucbiuus,
664 3295 698 3351 et
722 3286 923 3353 Franciscns
947 3307 969 3352 a
998 3288 1130 3364 Puteo,³
1164 3287 1371 3354 Veronenses

308 3438 324 3484 2
348 3434 380 3483 111
404 3434 517 3498 pluribus
536 3437 695 3501 argumentis
712 3437 804 3501 probat
841 3438 947 3501 dicitnr,
966 3438 1122 3488 concinnare
1138 3436 1237 3498 studet,
1254 3436 1373 3485 Pruden-

275 3510 398 3562 Heiusius
415 3511 441 3560 iu
461 3510 582 3561 Addend.
599 3527 624 3575 p.
643 3517 700 3562 trs.
713 3513 803 3563 sodex
843 3516 880 3566 tio
893 3515 989 3579 potios,
1001 3528 1076 3579 quam
1088 3514 1214 3575 Juvenco,
1224 3513 1265 3561 vet
1280 3513 1371 3563 saltem

276 3601 307 3638 eo
320 3587 470 3651 presertim,
480 3586 547 3652 quod
556 3588 642 3637 omnia
652 3586 734 3638 ierme
744 3602 803 3652 pro·
844 3594 971 3656 utrisque,
988 3590 1072 3638 locum
1084 3586 1209 3638 dedisset.
1241 3587 1291 3637 Ille
1302 3588 1371 3637 enim

177 3686 180 3691 ·
275 3666 334 3728 pria
351 3664 413 3714 Vet.
430 3664 591 3714 Testamenti
607 3666 711 3715 nomina
729 3666 804 3717 Grae·
844 3676 873 3717 et
888 3668 1007 3719 Juvenro
1026 3664 1157 3727 illustrior,
1173 3666 1373 3729 etlocoslonge

276 3755 333 3790 curu
345 3741 371 3790 in
382 3755 478 3790 moreru
496 3742 629 3805 extulerit,
646 3742 723 3791 Sarra
740 3758 763 3792 e.
780 3756 804 3806 g.
845 3743 966 3809 plurimos
976 3742 1025 3805 ipsi
1037 3741 1263 3790 subministrasset.

276 3816 409 3881 Salomon,
422 3818 563 3868 Ambacum
574 3820 624 3869 &a
638 3818 689 3867 vid.
708 3818 734 3867 in
745 3818 804 3869 Lat.
877 3824 892 3869 t
916 3818 949 3868 P.
970 3818 1078 3882 Joseplri
1105 3809 1242 3865 Bl'aucbiui
1266 3828 1372 3879 operum

276 3895 407 3944 versiones
429 3896 546 3961 antiquas
566 3896 601 3946 cl.
621 3894 694 3945 Petri
712 3894 805 3944 Sabat·
844 3896 997 3958 Cstsloguru
1034 3901 1123 3943 texere
1155 3903 1372 3956 supervacaneum

276 3968 337 4017 terii
355 3969 464 4021 Praeiat.
483 3972 513 4022 P.
534 3986 567 4021 rr.
588 3973 602 4036 t
620 3976 644 4021 t.
660 3972 701 4023 cul
719 3978 805 4021 tamen
845 3978 895 4033 est,
931 3984 989 4019 cum
1019 3968 1071 4018 sint
1092 3968 1227 4017 Litersria
1252 3966 1375 4028 Reipubl.

276 4052 369 4094 auctor
395 4045 509 4110 fuissem,
537 4054 567 4108 ut
593 4049 663 4098 iuter
689 4048 807 4113 antiquos
844 4046 994 4096 notissima:
1014 4060 1070 4110 qus·
1082 4058 1144 4093 vero
1155 4042 1239 4093 edidit
1249 4043 1281 4093 Ρ.
1293 4043 1376 4091 Fran·

277 4120 402 4171 Ecclesia
415 4124 472 4173 bat.
484 4125 586 4187 Patras,
601 4140 733 4191 equorum
745 4138 807 4189 ope-
847 4121 932 4172 circus
954 4135 970 4169 s
987 4120 1081 4181 Puteo,
1100 4132 1157 4167 curn
1177 4132 1252 4183 reque
1272 4118 1377 4182 pervul-

277 4195 349 4246 ribus
367 4202 480 4247 ueterem
500 4198 730 4263 sditionem,1tsla
750 4213 808 4264 qun
848 4202 910 4263 gsts
926 4209 979 4246 non
999 4194 1060 4260 sint,
1077 4194 1118 4243 iric
1134 4194 1210 4257 jrrrat
1228 4192 1375 4260 subjicers3
